2007 2702
907 179 1060 236 (251)
1094 199 1242 212 ---

179 299 292 351 este,
329 310 421 339 narn
458 310 494 338 e.
531 310 571 350 g.
607 295 721 338 Mica
756 298 929 347 viridis,
976 310 1081 350 quae
1117 310 1170 337 ex
1207 294 1406 337 omnibns
1443 293 1567 334 huius
1604 297 1767 347 generis

178 363 388 407 Schoerlo
425 362 631 403 simillima
667 361 737 410 est,
762 371 937 402 ‘textura
973 360 1029 401 est
1065 361 1272 412 molliori,
1310 360 1505 399 structura
1539 358 1770 411 lamellosa,

176 428 356 469 lamellis
393 425 583 477 elasticis,
621 426 756 466 nitore
792 426 842 467 ad
878 425 1132 467 metallicam
1164 439 1298 479 prope
1321 427 1570 471 accedente3
1608 425 1650 464 in
1672 425 1768 478 igne

171 488 359 547 'denique
394 503 469 545 per
504 490 543 532 se
578 490 646 532 vel
683 490 931 531 difficillime
968 489 1037 531 vel
1073 491 1251 531 omnino
1288 502 1375 530 non
1412 488 1615 529 funditur.

365 620 507 661 Maior
540 612 854 662 est‘difficu'ltas
891 622 933 660 in
973 620 1148 662 Corneo
1185 618 1407 660 lamellofo
1444 618 1766 671 distinguendo,

167 686 465 740 -quippequum
507 685 915 738 1.)p:u·um'adhuc
953 686 1052 725 dum
1090 686 1141 724 de
1177 685 1340 725 Natura
1375 683 1488 722 illius
1528 682 1769 723 definienda

170 749 465 800 consentiant,
522 758 570 789 et.
601 750 662 801 2.)
700 749 1003 801 cognationem
1041 749 1249 800 quandam
1286 749 1396 788 inter
1432 746 1687 787 Schoerlum
1725 756 1768 786 et

167 813 291 854 illum
328 814 529 863 existere,
569 824 729 853 certum
766 812 826 851 sit.
894 811 957 851 At
993 820 1156 852 textura
1194 812 1447 864 plerumque
1485 810 1540 850 est
1576 810 1767 862 spathosa

167 878 237 918 vel
271 877 526 928 granularis5
565 877 705 929 digitis
745 875 1004 922 conteritur;
1042 888 1188 928 parum
1227 875 1357 925 nitet,
1397 874 1506 926 quast
1542 874 1768 927 pinqueo‘i-

165 940 462 982 neobduc'tus
485 967 498 989 ‚
533 952 705 992 perraro
742 940 901 978 striatus
940 941 1172 992 repetitum
1227 939 1361 978 odore
1399 936 1469 977 sub
1508 940 1642 977 ralura
1681 947 1764 978 ter-

163 1017 273 1054 reo,
324 1002 528 1043 exhibens
584 1002 808 1055 puluerem
861 1003 1032 1042 cinereo
1085 1003 1407 1042 viridescentem
1443 1002 1510 1041 vel
1547 1002 1761 1054 glaucum.

160 1067 210 1109 In
246 1066 485 1109 vniuersum
524 1066 738 1118 particulis
776 1066 934 1106 constat
969 1067 1361 1120 impalpalbilibus,
1410 1079 1548 1119 neque
1586 1075 1669 1105 tam
1706 1066 1766 1105 ri-

161 1131 272 1184 gidis
317 1131 378 1171 vti
422 1129 667 1171 Schoerlus.
753 1129 800 1169 In
848 1130 945 1182 igne
981 1143 1057 1182 per
1091 1131 1130 1170 se
1168 1130 1396 1171 secundum
1435 1129 1662 1171 Cronstedt
1696 1130 1761 1169 in-

161 1193 363 1246 durescit⁷
401 1203 443 1235 et
479 1207 574 1235 cum
612 1194 690 1235 sale
728 1194 1060 1234 microcosmico
1097 1207 1181 1234 non
1219 1194 1464 1235 efferuescit.
1540 1192 1619 1233 Per
1641 1193 1759 1234 Ana-

157 1257 264 1310 lyfin
309 1258 544 1299 chemicarn
588 1258 816 1300 secundum
854 1256 1040 1311 Viegleb
1077 1270 1132 1298 ex
1167 1259 1287 1299 massa
1324 1258 1502 1297 duarum
1538 1258 1759 1298 drachma-

158 1335 253 1363 rum
290 1338 348 1373 49
385 1336 446 1376 gr.
483 1331 615 1362 terrae
650 1322 812 1365 filice-ae
835 1352 849 1376 7
889 1334 944 1361 20
982 1321 1196 1365 calcareae
1248 1335 1300 1360 21
1341 1321 1583 1376 Magnesiae
1620 1321 1754 1375 albae,

157 1395 200 1427 et
239 1399 289 1426 21
331 1386 428 1427 ferri
463 1386 649 1441 praebet.

350 1515 584 1556 Fatendum
632 1523 769 1557 tamen
808 1516 863 1557 est
897 1515 938 1556 in
977 1515 1077 1556 serie
1115 1514 1302 1570 lapidum
1340 1515 1438 1556 inde
1475 1527 1495 1555 a
1530 1514 1646 1555 Mica
1681 1527 1755 1555 vs-

159 1590 240 1631 que
277 1578 327 1618 ad
364 1577 583 1620 Coi-neum
621 1579 904 1632 lamellosum,
941 1589 983 1620 et
1017 1595 1037 1621 a
1076 1593 1235 1621 corneo
1271 1579 1491 1620 lamelloso
1528 1592 1662 1633 Vsque
1699 1579 1752 1619 ad

153 1641 429 1693 Schoerlmm
465 1653 507 1683 et
543 1656 562 1683 a
599 1643 807 1685 Schoerlo
842 1658 976 1698 vsque
1013 1645 1062 1684 ad
1084 1644 1330 1696 Zeolithen,
1353 1645 1563 1687 Granaten
1593 1653 1635 1683 et
1658 1642 1683 1682 s.
1706 1657 1747 1696 p.

150 1705 275 1745 valde
312 1706 483 1746 difficile
522 1708 599 1747 effe
637 1708 809 1749 definire
848 1710 1069 1760 terminos,
1105 1709 1176 1749 vbi
1212 1721 1341 1749 vnum
1380 1702 1542 1757 definit,
1565 1697 1746 1747 alterum

149 1781 254 1809 vero
291 1769 436 1810 locum
473 1771 647 1823 excipit,
681 1782 723 1812 et
757 1773 1011 1827 plerumque
1048 1773 1203 1827 species
1242 1773 1405 1813 mediae
1442 1773 1482 1812 in
1517 1771 1746 1811 causttsunt

150 1833 291 1872 omnis
337 1835 593 1874 difficultatis
638 1846 680 1875 et
714 1837 973 1877 confufionis
1011 1837 1052 1877 in
1090 1837 1397 1877 claffificatione
1433 1848 1583 1876 eorum
1621 1833 1744 1884 syste-

149 1896 314 1937 matica.
402 1898 521 1953 Quae
559 1912 654 1939 cum
690 1900 744 1941 ita
778 1901 887 1952 lint,
940 1914 1081 1941 nonne
1119 1902 1178 1941 rei
1215 1900 1510 1953 adaptatillime
1547 1898 1739 1938 consula-

147 1973 261 2012 mus,
297 1960 428 2002 fitam
466 1963 535 2002 diu
573 1963 729 2018 lapides
766 1966 815 2005 ad
853 1965 936 2005 hoc
972 1965 1040 2004 vel
1076 1965 1181 2004 illud
1202 1977 1335 2017 genus
1357 1963 1639 2013 collocemus,
1663 1962 1743 2002 do-

146 2037 225 2064 nec
277 2034 400 2065 notae
455 2026 625 2066 alterius
679 2029 842 2081 generis
897 2028 1199 2068 eminentiores
1246 2027 1312 2067 vel
1356 2027 1573 2067 vberiores
1613 2026 1739 2066 faciae

146 2087 335 2128 fuerint?
380 2089 474 2144 Qua
513 2091 684 2143 quidem
718 2092 864 2146 regula
899 2093 1069 2132 innixus
1107 2105 1192 2131 non
1229 2091 1339 2131 aliud
1377 2090 1497 2144 potui
1533 2090 1742 2130 iudicium

146 2151 198 2190 de
234 2152 357 2193 variis
396 2156 447 2195 ad
483 2153 738 2198 Schoerlum
773 2157 905 2199 allatis
940 2156 1152 2210 lapidibus
1191 2155 1326 2210 ferre,
1366 2168 1489 2209 quam
1528 2155 1643 2208 quod
1681 2153 1743 2194 se-

149 2223 304 2268 quitur.

939 2345 960 2387 Ι
979 2346 992 2385 i
1031 2359 1055 2383 2
1601 2343 1730 2398 Quod
