2007 2702
680 182 829 202 ·-·-·
860 165 1016 229 (369)
1046 171 1197 216 ΕΞ

149 283 253 337 logo
291 285 466 326 fixarum
504 283 623 324 binae
660 284 866 338 eligantur
901 285 1035 338 fixae,
1081 286 1152 325 sub
1189 285 1344 327 eodem
1382 286 1510 340 gradu
1547 286 1735 331 altitudi-

149 350 213 396 nis
250 348 542 397 culminantcs7
583 362 660 388 una
696 350 736 388 in
774 348 1097 401 Hemifphacrio
1133 350 1311 401 australi,
1346 351 1473 392 altera
1493 352 1739 404 invboreali,

148 424 377 463 earumque
422 412 660 452 altitudines
706 411 881 464 inipso
927 413 1240 454 culminationis
1293 425 1516 455 momento
1568 417 1735 469 capia-n-

150 484 238 522 tur3
276 484 361 525 aut,
400 487 494 514 cum
531 476 574 514 in
609 477 728 529 praxi
752 475 885 516 ,binae
921 476 1159 518 altitudines
1198 479 1395 531 aequales
1433 480 1608 519 duarum
1631 480 1738 526 fixa-v

144 550 237 589 rum
291 538 333 576 in
388 537 589 591 oppofitis
633 539 766 593 plagis
815 539 1136 581 culminantium
1180 554 1394 593 nunquam
1432 553 1502 582 aut
1535 545 1733 603 rariffime

144 600 290 641 haberi
325 601 489 654 poslint,
525 611 570 640 ut
606 601 726 642 binae
763 603 871 643 fixae
907 604 1131 655 eligantur,
1160 617 1342 658 quarum
1363 607 1632 647 altitudinum
1653 609 1735 648 dif-

146 656 320 704 ferentia
356 664 462 704 intra
498 664 776 717 semigradum
799 666 1114 718 contineatur„
1150 667 1341 720 haecque
1378 669 1612 711 differentia
1649 684 1738 725 ope*

143 727 412 768 Micrometri
449 727 704 768 observetur.
773 727 977 779 Methodi
1013 729 1105 769 suae
1143 730 1367 771 utilitatem
1403 731 1603 785 sequente
1631 747 1735 787 pro-

143 791 350 844 positione
388 791 633 831 declaravit:
686 789 781 844 Sim²
816 789 891 830 ullo
925 788 1160 850 ‚Q‘uadrante
1182 820 1194 843 ‚
1230 802 1298 832 aut
1321 793 1473 845 seam-e
1509 799 1547 836 in
1581 799 1735 849 gradus

143 853 271 908 diviso
306 852 393 893 Poli
426 853 699 905 elevatlonem,
726 854 847 906 'quam
883 854 1118 904 exac‘tzffime
1154 858 1384 908 reperiendi.
1451 857 1576 900 Plura
1605 862 1656 900 de
1686 874 1736 902 ea

144 911 284 956 dicere
321 910 575 969 superfluum
611 917 779 968 censeo,
816 917 1016 969 quoniam
1052 930 1099 958 ea
1134 918 1190 958 ob
1212 920 1435 962 utilitatem
1455 921 1567 963 suam
1586 924 1734 965 Astro-

142 979 282 1019 nomis
329 991 435 1020 mox
469 981 575 1020 adeo
611 979 650 1019 le
686 980 1036 1031 commendavit,
1093 990 1139 1020 ut
1174 985 1260 1023 fere
1298 986 1456 1025 nemini
1491 987 1538 1026 fit
1572 987 1732 1041 ignota.

141 1041 370 1095 Sequentia
405 1052 543 1083 tamen
581 1043 690 1083 circa
724 1055 814 1087 eam
844 1044 1111 1085 admonenda
1132 1047 1235 1106 mihi
1256 1049 1465 1090 videntur.
1524 1052 1584 1103 1.)
1609 1051 1732 1106 Quo-

141 1106 254 1145 niam
289 1105 425 1146 stellae
461 1105 710 1146 culminantes
745 1102 839 1146 sunt
873 1104 1173 1161 observandae,
1210 1122 1280 1151 aut
1312 1113 1446 1154 lineae
1467 1114 1741 1174 Mei-idianae,

140 1168 436 1209 determinatio
472 1170 555 1210 iam
590 1170 855 1223 supponitur,
890 1180 959 1209 aut
993 1172 1186 1223 pluribus
1224 1174 1586 1220 observationibus
1625 1193 1730 1234 ope—

139 1232 241 1272 ro'fis
294 1236 401 1285 o‘pus
455 1233 526 1272 est.
613 1234 693 1284 2.)
731 1233 841 1273 'Poli
887 1233 1068 1274 elevatio
1114 1235 1255 1276 saltem
1292 1243 1611 1292 propemodum
1645 1244 1732 1284 iam

139 1296 309 1348 cognita
344 1296 420 1336 efl‘e
458 1296 600 1347 debet,
637 1308 683 1335 ac
718 1296 891 1350 praevio
929 1297 1093 1337 calculo
1129 1312 1237 1351 opus
1274 1302 1346 1352 est,
1387 1317 1471 1356 quo
1509 1305 1731 1363 binacleli-

139 1359 181 1411 gi
226 1360 377 1412 poffint
420 1359 559 1409 fixae,
610 1358 683 1398 sub
729 1359 874 1398 eadem
914 1359 1000 1399 fere
1038 1361 1256 1403 altitudine
1293 1365 1587 1408 culminantes.
1656 1369 1729 1421 3.)

137 1421 413 1462 Differentiae
460 1422 730 1462 altitudinum
766 1421 1004 1463 observatio
1040 1425 1250 1479 requirit,
1304 1438 1348 1468 ut
1376 1429 1633 1487 observator.
1661 1446 1733 1473 ac-

139 1492 284 1525 curato
320 1485 463 1524 saltem
491 1484 774 1524 Micrometro
811 1484 856 1524 fit
890 1486 1119 1528 instruens.
1189 1490 1254 1543 4.)
1290 1491 1392 1532 Non
1429 1493 1564 1546 potest
1602 1510 1730 1549 quae-

137 1548 200 1586 vis
237 1546 349 1586 stella
384 1547 495 1587 hunc
532 1548 572 1586 in
611 1547 738 1587 finem
774 1548 982 1600 adhiberi,
1022 1553 1131 1592 unde
1168 1563 1234 1593 tot
1266 1555 1580 1599 observationes
1615 1560 1729 1600 insti-

137 1609 198 1648 tui
234 1620 465 1663 nequeunt,
503 1619 609 1663 quot
643 1611 894 1662 sufficerent7
931 1623 977 1653 ut
1012 1627 1066 1655 ex
1100 1617 1149 1657 iis
1173 1619 1364 1659 exac‘tum
1385 1614 1619 1663 sumeretur
1639 1638 1727 1664 me·

137 1673 269 1712 dium.
355 1674 426 1725 5.)
479 1672 695 1727 Quoniam
737 1675 1006 1717 altitudinum
1051 1679 1286 1722 differentia
1321 1685 1410 1724 actu
1447 1685 1725 1739 observatur,

136 1736 263 1776 etiam
299 1736 369 1777 hic
404 1737 662 1778 refractionis
697 1739 866 1781 effeetus
903 1741 958 1781 est
993 1746 1322 1799 computandus,
1364 1749 1478 1802 quod
1516 1762 1604 1791 crat
1638 1753 1726 1792 evi-

138 1800 327 1840 tandum.

883 1869 1031 1925 Qqa
1608 1878 1722 1931 §·9·

361 2011 531 2049 titudinurn
563 2013 631 2049 fere
661 2016 839 2065 aequalium
872 2019 1019 2054 binarum
1054 2018 1214 2056 stellarum
1242 2021 1447 2063 observetur,
1487 2024 1576 2071 quod
1601 2039 1722 2074 nempe

359 2061 405 2097 fic
432 2063 516 2098 effici
544 2063 661 2110 possit,
687 2077 721 2101 ut
747 2069 905 2103 erroribus
935 2069 1329 2120 inssrutncntorume'eoe.
1361 2071 1602 2121 obseruationes
1628 2076 1724 2124 plane

361 2124 432 2146 non
464 2113 656 2157 afficiantur,
698 2117 766 2152 Cel.
794 2117 1006 2153 Astronomus
1035 2121 1066 2152 in
1094 2120 1266 2155 Academia
1294 2123 1529 2170 Petropolitana
1556 2124 1618 2159 Du.
1650 2129 1725 2161 Gri-

358 2159 471 2196 schoW
498 2162 598 2209 longe
621 2166 684 2200 iam
712 2176 800 2202 antea
828 2166 965 2203 ostendit
992 2170 1025 2203 in
1054 2166 1293 2215 differtatione,
1328 2185 1425 2220 quam
1452 2171 1560 2208 videre
1587 2175 1661 2210 licet
1688 2179 1720 2211 in

358 2210 446 2246 Nov.
474 2212 660 2249 Comment.
689 2216 785 2253 Acad.
817 2218 867 2255 Sc.
894 2219 1027 2267 Pen-op.
1054 2219 1158 2257 Tom.
1185 2222 1223 2258 V.
1250 2233 1324 2270 pag.
1351 2234 1433 2267 417,
1474 2221 1563 2271 quod
1590 2226 1642 2261 hic
1668 2239 1720 2262 an-

359 2269 472 2299 notate
496 2262 608 2300 iustitia
633 2265 730 2303 iubet.
