2007 2702
662 228 813 244 --·
847 214 1000 271 (233)
1033 232 1183 258 ξ

124 328 230 387 quae
266 328 307 369 in
342 326 559 383 principiis
595 341 742 382 parum
769 329 838 370 vel
876 329 983 372 nihil
1017 329 1067 371 ab
1104 330 1169 371 his
1207 329 1482 384 differebant,
1525 332 1713 376 mediam

124 398 212 437 fere
249 394 364 435 striae
400 403 562 447 partem
596 393 664 434 sua
699 394 927 435 insertione
964 405 1177 448 occupant
1211 396 1291 449 α).
1375 396 1580 438 Similiter
1614 410 1712 439 cum

123 459 241 500 fibris
278 467 572 511 comparatum
608 457 689 509 est,
727 471 832 512 quae
869 472 923 500 ex
957 460 1112 500 radiata
1148 461 1325 514 regione
1360 463 1571 502 oriuntur.
1624 462 1713 504 Eae

122 525 165 564 in
209 523 331 564 strato
376 522 558 562 secundo
593 522 791 576 proxime
828 523 878 564 ad
922 536 1090 564 creuam
1113 553 1126 575 ‚
1180 526 1281 564 dum
1318 525 1368 566 ab
1404 540 1450 567 ea
1487 527 1717 579 oriuntur,

123 588 211 629 fere
248 586 502 626 transuersae
538 585 630 626 sunt
656 585 725 639 b)‚-
761 588 803 627 in
840 588 1056 628 nonnullis
1093 587 1257 628 sedibus
1295 602 1316 629 a
1353 590 1446 643 lege
1484 591 1561 632 hac
1598 591 1718 632 aber-

122 663 213 692 rare
249 650 463 703 paulisper
496 649 695 690 videntur
747 652 819 700 c).
888 651 1002 691 Mox
1036 650 1108 690 vbi
1143 652 1507 706 progrediuntur,
1560 654 1718 695 sursum

124 714 298 766 oblique
335 712 373 752 se
409 712 581 752 flectunt
614 713 681 766 d).
749 712 796 753 In
832 712 955 754 strato
992 724 1171 755 externo
1207 716 1381 755 eaedem
1418 716 1548 758 fibrae
1584 728 1719 759 trans-

121 778 270 818 versim
318 776 473 829 pariter
515 789 570 817 ex
614 790 737 817 crena
780 778 995 830 prodeunt
1045 777 1134 829 e),·
1187 780 1255 818 sed
1299 781 1407 820 resta
1452 783 1717 822 transuerfim

124 842 373 882 continuant
407 840 592 893 primum
615 869 628 891 ,
683 840 834 879 deinde
869 840 1011 880 versus
1050 851 1243 881 centrum
1280 843 1481 883 focorum
1518 856 1716 887 curuatae

124 905 381 946 descendunt
415 904 556 956 potius
582 901 667 958 f),
703 903 745 943 in
782 904 984 956 idemque
1019 904 1257 945 inseruntur
1288 906 1365 958 g);
1403 908 1503 947 dum
1541 909 1637 949 illae
1672 911 1716 953 in

123 970 246 1009 strato
282 966 465 1006 secundo
504 966 613 1006 circa
649 967 884 1018 marginem
920 967 1055 1007 flexae
1091 969 1323 1022 valdopere
1349 970 1490 1011 versus
1529 972 1636 1014 basin
1674 974 1718 1014 in

123 1030 315 1073 inferiori
353 1029 570 1083 superficie
606 1027 693 1082 h),
728 1029 831 1069 ficut
864 1030 906 1069 in
945 1030 1149 1083 superiori
1186 1034 1237 1084 i)
1274 1033 1531 1076 adscendunt
1566 1045 1609 1076 et
1644 1035 1716 1077 sub

123 1096 247 1136 fibras
284 1095 445 1133 ordinis
483 1093 772 1146 praecedentis
810 1092 848 1132 se
885 1094 1110 1147 recipiunt.
1180 1096 1336 1149 Neque
1381 1098 1501 1139 aliter
1543 1101 1718 1141 demum

126 1159 165 1198 se
201 1171 266 1197 res
304 1157 344 1196 in
381 1156 496 1196 fibris
518 1185 531 1207 7
569 1156 617 1196 ab
654 1166 769 1196 aorta
805 1157 908 1196 ortis
933 1187 945 1208 ‚
1002 1159 1161 1210 habet,
1197 1170 1239 1200 et
1273 1174 1293 1200 a
1329 1161 1403 1201 filo
1443 1164 1718 1217 cartilagineo

126 1220 340 1262 anteriori.
429 1219 548 1274 Quae
587 1219 636 1259 ab
672 1230 786 1260 aorta
823 1220 1019 1262 oriuntur
1052 1223 1093 1262 in
1131 1223 1254 1263 strato
1292 1226 1508 1278 secundo,
1563 1229 1720 1269 eodem

126 1295 316 1326 accurate
361 1284 483 1323 duc‘tu
528 1284 569 1322 in
614 1284 760 1336 primis
806 1284 936 1324 initiis
982 1286 1060 1325 suis
1106 1287 1282 1340 oblique
1322 1290 1582 1331 descendunt
1622 1291 1721 1345 k),

128 1362 215 1401 quo
255 1349 375 1387 funes
414 1346 550 1400 magni
587 1346 631 1399 l>
668 1347 717 1388 ab
755 1350 903 1388 eadem
939 1348 1034 1389 sede
1072 1352 1153 1389 orti
1176 1379 1189 1400 .,
1235 1352 1509 1402 serebantur5
1566 1356 1721 1396 deinde

126 1414 175 1453 ad
214 1410 491 1451 transuersum
537 1410 632 1450 illae
668 1411 707 1450 se
743 1412 917 1450 fleffiunt
951 1413 1016 1464 m)
1038 1441 1047 1451 .
1132 1413 1189 1453 Hi
1226 1417 1388 1455 curuati
1424 1430 1444 1456 a
1481 1419 1721 1460 transuerso

125 1476 330 1517 recedunt
375 1476 542 1527 magis,
593 1474 733 1514 versus
779 1473 1136 1528 longitudinalem
1178 1478 1321 1532 potius
1360 1480 1574 1522 declinant
1618 1483 1724 1523 duc·

1623 1554 1714 1586 tum

224 1664 259 1712 a)
288 1664 374 1699 Tab.
402 1665 461 1699 IX.
489 1675 538 1699 10.
567 1676 614 1700 12.
640 1675 682 1710 15.

224 1728 266 1774 b)
295 1726 379 1761 Tab.
409 1724 484 1761 vll.
511 1737 565 1769 44.
591 1735 643 1767 47.
671 1737 724 1770 50.

226 1788 260 1835 c)
286 1786 371 1820 Tab.
406 1787 466 1819 »IL
496 1797 543 1828 41.
571 1797 622 1829 42.

225 1848 262 1893 d)
291 1846 377 1880 Tab.
407 1845 483 1881 VIL
510 1857 559 1889 43.
587 1858 642 1890 49,
669 1858 711 1891 51.

228 1908 264 1952 e)
292 1905 377 1940 Tab.
405 1904 465 1938 IV.
493 1917 550 1949 92.
580 1917 632 1950 94.
662 1917 711 1950 95.
740 1917 793 1950 97.
821 1910 874 1950 98.
904 1919 957 1952 99.

220 1963 266 2010 s)
295 1961 380 1996 Tab.
410 1960 472 1996 1V.
502 1972 546 2006 94
574 1965 617 2007 96
643 1975 683 2009 93
711 1976 773 1999 100
802 1970 857 2007 87.

226 2026 267 2070 g)
295 2022 383 2057 Tab-
408 2022 466 2057 IV.
495 2035 562 2057 101.

228 2085 264 2128 li)
292 2083 376 2117 Tab.
406 2083 458 2115 lx.
487 2085 532 2117 16.
561 2096 605 2127 17.

228 2137 264 2180 2¹)
291 2132 380 2166 Tab.
409 2133 479 2166 Vll.
508 2143 556 2174 42.
583 2143 632 2175 43.

230 2182 263 2225 k)
291 2182 375 2217 Tab.
402 2184 470 2217 vir
500 2184 543 2216 G.
572 2183 611 2216 u.

229 2233 260 2275 ι)
289 2232 372 2266 Tnb.
400 2231 460 2266 Ν.
488 2234 546 2266 60.
575 2233 624 2275 65.

229 2282 274 2323 m)
303 2281 388 2317 Tab.
415 2279 488 2315 Vll.
517 2282 570 2315 26.
599 2292 646 2323 27.

195 2363 315 2407 Noua
333 2365 436 2407 Aaa
455 2365 584 2408 Acad.
604 2365 705 2419 Imp.
727 2364 796 2408 Sc.
818 2366 858 2408 T.
884 2365 954 2406 VI.
1248 2361 1285 2406 G
1304 2377 1332 2418 g
