2007 2702
598 181 1133 230 HISTOIRE.
1627 189 1681 224 61

395 331 398 334 -
706 299 784 341 Sal
816 312 932 341 cornu
967 299 1084 341 cerui.

294 365 329 420 ᾗ.
356 378 428 407 12.
497 363 565 408 Sal
601 377 733 406 cornu
769 365 884 405 cerui
919 376 1068 404 verum
1104 359 1288 402 obtineri
1323 359 1570 416 albiffimum
1607 373 1687 414 po-

104 430 199 483 test,
237 429 266 470 fi
301 444 399 472 cum
433 430 622 484 partibus
643 428 888 482 aequalibus
925 426 1112 481 pulueris
1138 426 1369 466 carbonum
1405 425 1539 479 probe
1577 426 1689 467 mix-

101 503 193 536 tum
227 504 410 535 retortae
446 494 720 544 immittatur,
765 502 808 532 et
843 491 1012 546 reliquo
1047 499 1229 531 retortae
1266 489 1397 542 spatio
1433 489 1687 530 carbonibus

99 558 369 612 groffiuscule
403 559 446 598 in
482 558 703 612 puluerem
736 556 911 597 sedatus
946 555 1141 609 repleto,
1184 553 1406 595 destillatio
1441 553 1687 602 instituatur.

535 652 673 693 Flores
707 650 881 692 Benzoes
914 659 950 690 ec
974 649 1046 705 sal
1069 648 1236 703 succini.

294 716 328 769 §.
369 728 439 765 13.
508 715 645 758 Simili
688 715 897 755 methodo
951 713 1015 767 (ᾗ.
1058 714 1156 765 12.)
1210 712 1380 765 purgari
1415 724 1436 753 a
1471 684 1687 765 particulis

103 780 503 834 empyreumatico-
522 780 701 830 oleosoe,
753 778 1028 830 albillimique
1072 776 1194 817 reddi
1230 777 1397 829 poffunt
1431 776 1584 827 flores,
1635 776 1689 816 fic

105 844 226 895 dicti,
263 844 458 883 Benzoes
497 852 538 883 et
575 842 628 882 sal
664 841 845 893 succini,
877 840 1027 894 quibus
1065 850 1203 880 tamen
1242 840 1408 880 duobus
1437 840 1587 880 salibus
1608 839 1692 880 aci-

102 908 164 948 dis
201 905 343 946 solidis
380 906 642 953 cauendum„
681 918 731 944 ne
770 905 892 944 nimis
930 904 1042 956 larga
1079 902 1311 943 carbonum
1347 904 1523 943 addatur
1559 916 1690 956 quan-

102 971 221 1022 titas,
258 982 365 1023 quos
402 968 560 1009 lcilicet
596 967 858 1008 destructrice
895 966 935 1006 in
973 978 1020 1006 ea
1055 966 1097 1006 vi
1133 965 1296 1018 pollere
1332 967 1486 1019 reperi.

702 1061 869 1102 Acidum
905 1061 1065 1101 tartari.
1177 1104 1181 1106 Y
1314 1108 1318 1111 ι

294 1127 328 1181 §.
356 1141 426 1179 14.
477 1125 606 1167 Acidi
642 1127 779 1165 tartari
817 1138 838 1164 e
874 1125 990 1165 libris
1032 1137 1088 1172 30
1126 1124 1400 1164 cristallorum
1447 1124 1586 1164 tartari
1631 1125 1692 1166 se-

101 1191 232 1247 parati
269 1192 375 1232 dofis
412 1199 500 1232 tota
535 1189 626 1244 post
651 1202 704 1242 17
742 1189 823 1229 iam
860 1189 986 1229 horas
1030 1188 1127 1241 igne
1174 1189 1428 1228 vehemente
1467 1189 1694 1230 cristallisa-

102 1257 231 1296 tionis
266 1256 466 1309 punctum
503 1253 728 1295 consecuta
763 1253 840 1300 est3
881 1253 995 1307 quod
1033 1252 1130 1293 alias
1162 1250 1319 1304 absque
1350 1251 1584 1292 carbonum
1619 1254 1691 1294 ad-

100 1321 333 1361 ditamento
375 1331 432 1370 14
466 1319 631 1359 dierum
677 1317 777 1372 quin
822 1318 954 1357 maius
1000 1317 1206 1369 temporis
1251 1315 1550 1367 interuallum,
1604 1330 1691 1357 am-

99 1383 298 1425 bustionis
336 1383 648 1437 praecauendae
685 1382 840 1433 caussa,
875 1380 1069 1435 postulat.
1133 1379 1228 1434 Qua
1262 1380 1304 1419 in
1340 1391 1385 1420 re
1420 1388 1568 1420 notatu
1598 1381 1690 1434 dig-

93 1460 198 1490 num
234 1447 427 1499 videtur,
479 1447 676 1488 lixiuium
721 1445 813 1486 salis
860 1446 983 1485 huius
1029 1443 1224 1484 colorem
1269 1443 1518 1485 albiffimum
1555 1458 1686 1497 aquae

94 1511 274 1553 fimilem
312 1512 470 1565 absque
505 1511 588 1552 vlla
624 1510 956 1563 empyreumatis
1000 1507 1361 1549 contaminatione
1407 1507 1653 1548 conseruare
1675 1537 1689 1560 ,

100 1575 199 1614 licet
232 1575 334 1615 vafis
369 1576 536 1616 interno
571 1575 718 1628 parieti
756 1574 886 1614 crusta
921 1571 1010 1614 salis
1049 1572 1157 1612 acidi
1211 1571 1375 1620 tartari,
1427 1583 1573 1610 arenae
1617 1584 1692 1611 ve-

98 1637 289 1679 hementi
325 1639 465 1679 calore
500 1639 683 1679 ambusta
716 1637 885 1690 prorsus
924 1645 969 1675 et
1002 1636 1148 1691 nigra,
1182 1634 1321 1675 adfixa
1357 1633 1685 1687 conspiceretur.

696 1729 890 1770 Tartarus
925 1730 1080 1770 crudus.

292 1794 328 1847 §.
370 1805 439 1843 15.
493 1794 696 1835 Tartarus
735 1795 887 1834 crudus
911 1793 1144 1833 carbonum
1172 1805 1255 1848 ope
1293 1792 1488 1846 deputari
1524 1802 1568 1833 et
1599 1793 1686 1848 pri-

101 1858 187 1900 vari
224 1857 369 1899 colore
406 1857 479 1900 suo
516 1858 650 1913 potest
688 1870 812 1912 quam
849 1857 1065 1897 facillime.

591 1952 730 1993 Oleum
766 1952 936 1993 animale
970 1951 1163 2005 Dippelii.

293 2015 328 2068 ᾗ.
370 2018 440 2055 16.
498 2017 659 2058 Tribus
697 2016 783 2057 olei
818 2030 951 2057 cornu
987 2015 1101 2056 cerui
1137 2014 1255 2056 libris
1293 2015 1394 2056 duas
1430 2013 1556 2055 libras
1592 2015 1689 2069 pul·

40 2089 43 2090 ⁷
101 2072 229 2119 veris⁸
257 2080 487 2120 carbonum
532 2081 755 2132 admiscui,
808 2090 850 2121 et
892 2079 1092 2121 immissae
1135 2078 1178 2119 in
1224 2078 1487 2121 cucurbitam
1537 2079 1685 2120 massae

101 2143 350 2196 duastlibras
385 2143 571 2198 pulueris
610 2145 841 2187 carbonum
879 2145 998 2199 super
1032 2143 1239 2198 imposui5
1275 2141 1580 2195 adplicatisque
1617 2143 1689 2184 ad-

100 2206 303 2259 plicandis
341 2208 663 2250 destillationem
699 2209 908 2261 adgressus
944 2209 1048 2248 sum.
1093 2205 1254 2248 Oleum
1290 2204 1467 2246 animale
1496 2204 1685 2260 Dippelii

101 2270 255 2311 mirum
309 2285 434 2325 quam
485 2272 655 2314 difficile
706 2272 918 2325 stillabat,
969 2272 1052 2323 ita,
1104 2278 1149 2310 vt
1200 2282 1287 2311 non
1339 2268 1527 2311 obstante
1580 2270 1690 2310 sum-

930 2335 958 2375 h
998 2347 1020 2384 3
1623 2346 1688 2373 ma
