2007 2702
116 1898 199 1932 Tab.
228 1897 268 1932 II.

138 1950 203 1995 fig.
235 1961 265 1983 1.

862 210 1014 224 ····-
1047 195 1171 251 (78)
1204 211 1356 226 --

305 315 388 356 &io
424 313 549 368 ipsius
585 324 616 351 x
651 310 730 352 effe
768 310 920 356 debeat
957 311 1164 366 quantitas
1187 324 1248 364 y,
1282 322 1329 357 vt
1364 321 1475 357 certa
1512 316 1718 369 quaedam
1755 316 1908 360 relatio

303 382 414 420 inter
466 375 759 419 differentialia
810 376 1063 433 praescripta
1108 377 1256 418 locum
1297 377 1347 418 fit
1398 377 1622 422 habitura:
1675 382 1732 424 ita
1784 382 1908 424 fimili

304 443 437 485 modo
474 441 689 482 eiusmodi
726 441 990 495 quaestiones
1028 443 1216 496 proponi
1253 442 1455 495 possunt,
1507 443 1550 484 in
1587 446 1739 498 quibus
1780 461 1908 501 quae-

301 511 440 558 ritur,
486 506 620 560 qualis
667 505 827 546 functio
875 506 1073 549 binarum
1114 506 1381 548 variabilium
1426 520 1458 547 x
1492 516 1589 557 ety
1633 511 1710 550 effe
1756 512 1909 553 debeat

306 572 514 627 quantitas
548 584 599 622 z,
649 579 696 610 vt
732 581 844 611 certa
882 573 1091 624 quaedam
1125 572 1364 627 proprietas
1400 571 1638 627 proposita,
1674 585 1749 629 per
1787 576 1907 617 diffe-

305 636 494 680 rentialia
531 634 742 689 expressa,
778 635 1035 681 obtineatur.

502 748 537 800 ᾗ.
577 761 619 798 3.
677 746 788 789 Cum
826 749 956 802 igitur
991 751 1241 792 huiusmodi
1280 750 1543 804 quaestiones
1581 749 1692 790 circa
1730 750 1909 793 fimetio-

309 828 383 856 nes
430 814 606 854 duarum
643 813 911 853 variabilium
947 816 1189 866 versentur,
1226 825 1367 855 totum
1404 815 1489 855 hoc
1524 824 1824 868 argumentum
1861 817 1911 857 ad

307 893 401 921 eam
436 877 674 927 Analyseos
712 888 874 930 partem
912 877 968 918 est
1002 879 1302 930 referendum,
1339 879 1381 919 in
1420 892 1500 933 qna
1538 880 1775 920 funciiones
1810 881 1911 922 dua-

304 957 400 984 rum
435 943 680 996 pluriumue
716 941 985 983 variabilium
1022 944 1183 985 traciari
1221 943 1390 993 solent,
1428 943 1547 983 cuius
1583 944 1718 994 ratio,
1759 957 1912 997 quem-

305 1008 540 1049 admodum
584 1007 667 1046 iam
713 1005 874 1059 saepius
921 1007 1176 1058 obseruaui,
1227 1016 1323 1047 toto
1370 1006 1497 1047 coelo
1543 1007 1598 1047 est
1641 1008 1803 1049 diuersa
1856 1009 1908 1050 ab

303 1072 478 1123 Analyfi
516 1069 771 1121 communi,
826 1069 867 1109 in
914 1085 995 1124 qua
1042 1080 1205 1111 tantum
1251 1071 1490 1111 functiones
1535 1072 1658 1112 vnius
1694 1072 1909 1114 variabilis

305 1138 555 1182 tractantur„
593 1145 718 1187 atque
751 1135 859 1174 adeo
896 1136 1065 1188 prorsus
1104 1135 1316 1189 peculiare
1355 1135 1506 1175 calculi
1543 1148 1675 1189 genus
1711 1137 1934 1190 postulat„

305 1202 424 1242 cuius
460 1201 702 1240 etiamnunc
740 1200 876 1251 prima
912 1200 1120 1253 principia
1156 1200 1228 1240 vix
1265 1213 1286 1240 a
1324 1199 1570 1240 Geometris
1617 1199 1710 1240 sunt
1754 1201 1909 1255 explo-

304 1277 415 1312 rata;
452 1265 564 1305 vnde
601 1263 834 1316 plurimum
863 1264 913 1303 ad
952 1264 1264 1303 incrementum
1302 1263 1497 1304 scientiae
1517 1264 1771 1315 Analyticae
1804 1279 1910 1308 con-

305 1330 411 1370 feret
447 1328 659 1368 eiusmodi
701 1327 959 1379 quaestiones
999 1327 1229 1378 euoluere,
1268 1340 1444 1381 quarum
1482 1327 1638 1368 solutio
1679 1329 1794 1370 istam
1831 1343 1910 1370 no-

303 1407 399 1437 vam
425 1391 661 1443 Analyseos
700 1401 863 1444 partem
900 1393 1100 1445 requirat.
1156 1392 1284 1432 Hunc
1322 1392 1452 1444 igitur
1486 1391 1528 1431 in
1564 1391 1694 1434 finem
1730 1394 1911 1449 sequen-

307 1469 393 1503 tem
434 1457 722 1513 quaestioncm
758 1457 989 1498 accuratius
1027 1457 1279 1513 pertrac'tare
1317 1456 1525 1497 constitui,
1660 1505 1667 1523 ι

945 1564 1253 1624 Problema.

499 1661 632 1714 Super
667 1660 761 1701 clato
793 1660 914 1714 plano
951 1661 1141 1701 eiusmodi
1164 1659 1338 1714 solidam
1376 1657 1588 1712 exstruere,
1618 1657 1675 1698 ad
1706 1657 1813 1697 cuius
1837 1655 1910 1711 su-

304 1725 498 1778 perficiem
523 1727 564 1779 st
599 1727 637 1765 in
668 1725 832 1777 fingulis
862 1724 1016 1778 punffls
1051 1724 1249 1766 normales
1285 1724 1501 1777 ducantur,
1543 1735 1611 1764 eae
1647 1734 1776 1763 omnes
1811 1723 1911 1763 inter

295 1789 343 1844 se
368 1788 534 1845 suturae
556 1789 639 1843 stuc
675 1789 876 1840 aequales.

501 1895 536 1949 ς.
575 1910 618 1945 4.
688 1894 960 1949 Perspicuum
999 1896 1055 1935 est
1091 1896 1198 1936 hanc
1236 1894 1524 1947 quaestionem
1561 1893 1786 1948 analogam
1830 1893 1911 1934 esse

305 1962 402 2013 illi,
455 1974 536 2014 qua
573 1960 613 1999 in
651 1959 780 2012 plano
817 1960 938 2014 super
974 1972 1051 1999 axe
1089 1960 1189 1999 dato
1225 1959 1441 2000 eiusmodi
1478 1972 1607 1999 curua
1648 1959 1910 2012 requiritur,

306 2028 424 2068 cuius
471 2037 621 2066 omnes
667 2024 881 2064 normales
927 2025 1036 2064 inter
1082 2023 1119 2064 se
1164 2023 1240 2063 sint
1284 2023 1518 2077 aequales,
1571 2023 1653 2064 s1ue
1691 2032 1736 2062 vt
1777 2019 1909 2074 polita

305 2092 470 2132 ablciffa
507 2089 549 2129 A
571 2088 740 2129 sz
775 2098 817 2129 et
853 2088 1060 2142 applicata
1094 2087 1190 2128 XY
1212 2101 1351 2140 :yffi
1384 2088 1587 2129 normalis
1625 2086 1757 2135 YN,
1801 2095 1908 2136 quae

308 2157 364 2195 est
397 2148 742 2218 ψ,
796 2153 948 2194 habeat
984 2153 1261 2206 quantitatem
1297 2152 1558 2193 constantem
1594 2161 1714 2188 za.
1793 2147 1909 2187 Hinc

313 2245 443 2284 erg0‚
479 2231 614 2283 posito
653 2227 715 2280 ay
736 2235 841 2282 :p
862 2225 964 2278 Dx,
1003 2228 1235 2281 requiritur
1270 2237 1315 2268 vt
1349 2228 1398 2268 fit
1417 2241 1450 2279 y
1470 2221 1565 2280 1l(1
1589 2223 1838 2276 ÷pp):
1860 2235 1913 2275 a,

309 2296 420 2336 vnde
457 2294 644 2348 sequitur
680 2294 773 2337 fore
820 2283 1367 2364 PZfiwy—w'zgssa
1421 2291 1531 2332 vnde
1566 2301 1699 2343 porro
1735 2287 1912 2329 habebi·

1842 2371 1909 2403 tur
