2007 2702
815 199 968 224 -----Ξ
1002 177 1344 235 (234)—

274 314 363 345 tuin
401 304 463 355 a).
530 299 601 341 Ad
639 297 924 349 inferiorem,
965 297 1039 338 vbi
1074 306 1278 352 vti-aeque
1316 294 1447 336 fibrae
1483 309 1714 350 peruenere
1738 328 1751 351 7
1786 297 1882 340 illae

273 369 449 422 oblique
488 365 749 406 descendunt
783 362 847 417 b),
886 363 955 403 sed
993 364 1090 413 vix„
1127 372 1254 417 atque
1291 374 1343 401 ne
1371 361 1446 401 vix
1482 363 1681 416 quidem,
1717 363 1884 417 abipso

278 445 450 487 quoque
486 428 789 484 longitudinali
828 429 954 468 duetu
990 427 1033 468 in
1072 428 1196 469 strato
1233 435 1416 467 externo
1465 424 1595 467 fibrae
1631 430 1806 470 eaedem
1842 428 1886 467 in

274 497 370 538 sede
415 498 566 537 eadem
603 496 661 549 c)
700 493 917 535 differunt.
1003 492 1061 533 Et
1106 493 1251 533 denuo
1295 491 1346 532 ad
1392 489 1677 531 transuersum
1714 493 1887 533 duCtum

274 562 456 606 redeunt
500 560 633 602 fibrae
678 559 788 601 strati
831 557 1036 609 secundi,
1089 557 1266 598 insertae
1314 556 1357 597 in
1409 555 1674 609 superiorem
1725 566 1888 610 partem

276 627 393 668 striae
430 627 528 679 cl),
565 627 666 666 dum
704 623 799 664 illae
835 624 877 663 in
914 622 1038 663 strato
1076 632 1259 663 externo
1297 620 1449 662 leniter
1487 620 1661 673 quidem
1698 621 1888 674 pariter,

277 703 318 734 at
353 705 537 747 parum,
590 690 726 731 flexae
771 688 813 727 in
863 686 1110 727 fasciculum
1158 685 1373 726 transeunt
1408 684 1682 726 terminalem
1715 684 1893 726 inferio·

280 770 369 798 rem
407 758 471 811 e),
508 755 638 809 longe
675 767 697 795 a
732 751 813 794 suis
851 751 960 794 strati
996 751 1166 792 secundi
1202 750 1319 792 fibris
1358 758 1566 792 remotae.

650 888 867 931 Fibrarum
889 888 1016 943 strati
1038 888 1204 944 secundi
1238 889 1517 931 concentratio.

478 981 526 1022 In
572 979 817 1022 vniuersum
853 979 880 1020 fi
918 980 1087 1034 respicis
1135 980 1185 1020 ad
1232 981 1501 1033 progressum
1536 987 1579 1019 et
1616 977 1899 1021 diree'fionem

283 1046 487 1088 fibrarum
526 1047 633 1087 strati
671 1044 875 1092 secundi3
922 1058 977 1086 ex
1014 1045 1163 1085 maiori
1200 1044 1297 1085 illae
1334 1044 1495 1084 ambitu
1531 1043 1574 1083 in
1618 1055 1782 1097 partem
1821 1045 1903 1084 cir-

285 1111 590 1153 cumferentiae
630 1112 759 1164 longe
798 1110 1011 1149 minorem
1049 1117 1348 1159 concurrunt,
1403 1117 1528 1161 atque
1568 1108 1676 1148 adeo
1714 1121 1902 1148 concen-

285 1186 462 1217 trantur.
557 1176 679 1230 Quae
725 1175 847 1214 solita
895 1174 1094 1214 hatstenns
1140 1172 1340 1212 fibrarum
1389 1172 1605 1226 dispositio
1661 1171 1749 1213 fere
1806 1171 1900 1212 fuit.

287 1240 504 1281 Externac
542 1238 770 1280 ventriculi
816 1237 957 1276 sinistri
1005 1237 1154 1278 ordine
1192 1237 1333 1290 primo
1370 1245 1412 1277 et
1446 1237 1635 1278 secundo
1680 1237 1786 1277 adeo
1823 1236 1905 1277 ob-

288 1304 417 1358 liquis
455 1303 619 1357 angulis
656 1303 696 1341 in
727 1302 862 1341 striam
902 1300 1179 1352 descendunt,
1218 1313 1353 1355 eaque
1385 1302 1616 1342 directione
1654 1300 1904 1342 fasciculum

290 1367 436 1408 versus
475 1367 743 1408 terminalem
784 1364 1011 1415 feruntur,
1056 1373 1137 1416 vt,
1192 1377 1342 1417 parum
1380 1379 1400 1405 a
1438 1366 1563 1405 duc‘iu
1600 1356 1906 1418 longitudinali

295 1432 515 1483 diuersae,
572 1445 593 1472 a
631 1430 710 1471 basi
757 1431 899 1470 cordis
944 1428 1085 1469 versus
1132 1429 1297 1481 apicem
1342 1429 1527 1469 maxime
1566 1429 1806 1483 pertingere
1844 1429 1909 1470 vi·

295 1498 474 1538 deantur
509 1494 593 1552 s).
664 1493 904 1536 Ordinibus
941 1502 1090 1534 contra
1126 1494 1254 1534 tertio
1290 1502 1332 1533 et
1369 1502 1521 1546 quarto
1556 1493 1613 1533 ita
1647 1494 1781 1547 magis
1818 1506 1908 1534 ma-

297 1562 447 1616 gisque
487 1562 536 1601 ad
575 1559 858 1600 transuersum
904 1559 1077 1598 dutstum
1123 1558 1503 1611 appropinquant,
1554 1565 1600 1597 vt
1635 1558 1685 1598 ad
1722 1558 1909 1598 eundem

298 1626 482 1679 singulae
520 1625 674 1680 pariter
710 1624 840 1665 fibrae
880 1623 1054 1663 redeant
1088 1623 1254 1676 apicem
1291 1622 1521 1662 ventriculi
1557 1621 1700 1662 finistri
1720 1623 1788 1675 g).
1825 1621 1911 1663 Ea-

302 1692 399 1730 dem
430 1699 519 1730 erat
551 1702 724 1744 quoque
752 1688 970 1742 dispositio
991 1687 1193 1728 fibrarum
1231 1696 1503 1728 externarum
1540 1685 1768 1727 ventriculi
1806 1686 1913 1727 dex-

303 1755 370 1795 tri.
440 1754 532 1793 Hae
570 1768 590 1794 a
629 1753 709 1793 basi
745 1754 920 1793 arteriae
957 1751 1215 1805 pulmonalis
1237 1781 1250 1802 ,
1297 1751 1346 1791 ab
1383 1761 1501 1792 :torta
1528 1781 1541 1803 ‚
1580 1765 1601 1792 a
1635 1750 1712 1791 filo
1749 1750 1915 1792 cartila-

306 1818 432 1873 gineo
471 1818 623 1858 dextro
663 1818 897 1869 anteriori,
935 1816 1112 1871 oblique
1149 1814 1292 1857 versus
1331 1828 1500 1857 crenam
1539 1815 1799 1857 descendunt
1832 1813 1914 1871 h),

1895 1893 1916 1922 a

321 1972 1916 1991 -———--—-————————-——-—————————-n-———-——-..-

408 2028 445 2066 a)
474 2025 560 2060 Tab.
590 2026 648 2059 IV.
675 2037 724 2070 54.
753 2026 799 2060 61.
827 2026 876 2060 62.
906 2036 960 2067 70.

411 2076 448 2117 b)
495 2077 565 2110 <alm
592 2073 654 2109 1X.
684 2089 712 2123 p.
742 2088 772 2110 x.

411 2129 450 2171 c)
481 2126 556 2159 Tab
597 2125 659 2162 VI.
687 2137 731 2166 13·
759 2137 810 2167 ¹4·
840 2136 879 2170 ¹5-
912 2127 960 2171 56.
989 2135 1030 2171 5¹-
1059 2126 1109 2161 62.

411 2177 448 2218 d)
478 2177 562 2212 Tab.
591 2178 646 2211 IX.
680 2189 711 2212 O.
739 2188 760 2211 S.
790 2188 819 2223 q.

416 2228 452 2266 e)
482 2226 564 2261 Tab.
595 2228 651 2260 Vl.
679 2237 725 2271 53.
753 2237 793 2269 55.
825 2228 881 2270 68,

408 2276 453 2321 s¹
482 2277 566 2310 Tul».
595 2279 637 2310 VI
680 2290 709 2321 y.
739 2287 780 2317 13.
809 2287 860 2319 74.
889 2287 937 2319 7²-

411 2327 455 2373 g)
484 2325 566 2358 Tab.
600 2329 654 2361 Ν.
682 2337 729 2368 73.
757 2338 806 2369 73.
835 2337 886 2369 74.
915 2339 971 2370 90.
1002 2332 1056 2370 98.
1083 2325 1127 2361 T.

417 2377 453 2420 h)
490 2375 567 2411 sab.
596 2377 656 2412 lV.
684 2379 720 2411 C.
747 2378 779 2411 F.
807 2378 846 2412 G.
874 2379 908 2411 L.
937 2378 975 2412 C.
1003 2379 1046 2412 Η.
