2007 2702
806 179 960 193 ····-
993 162 1149 221 (274)
1183 179 1336 206 ==

980 280 1075 335 fig.
1112 295 1156 333 4.

463 346 585 388 Duae
629 342 852 400 portiones
898 344 1077 387 musculi
1121 346 1181 387 vti
1226 344 1269 385 in
1314 341 1612 398 experimento
1654 346 1787 401 priori
1822 360 1880 396 eo

270 427 405 468 Vsque
451 413 696 463 disti-aetate,
748 420 794 451 vt
829 410 1065 464 cellulosa,
1121 425 1200 465 qua
1238 411 1593 464 coniunguntur,
1643 410 1683 456 in
1727 413 1796 453 fila
1830 412 1878 453 fit

269 478 465 531 extensa,
522 489 628 532 quae
667 486 808 517 tamen
844 474 1051 517 subiectae
1087 474 1316 517 cellulosae
1353 474 1599 516 substantiae
1636 475 1878 519 adhucdum

270 545 561 592 adhaereaut3
599 540 887 595 microscopio
924 540 968 583 in
1003 540 1096 596 ipso
1131 540 1319 582 subie&o
1354 538 1481 581 visae.

333 654 372 682 a.
409 639 449 682 b.

518 638 747 681 Portiones
795 636 1009 690 musculi,
1061 638 1104 678 in
1140 647 1259 691 parte
1306 635 1545 677 sublimiori
1589 648 1612 678 a
1654 634 1693 676 se
1730 643 1882 678 mutuo

464 704 710 755 distractae,
764 704 1022 757 profundius
1067 702 1312 744 adhucdum
1358 702 1655 742 cohaerentes.
1740 700 1885 742 Etiam

464 770 617 812 harum
663 768 912 822 portionum
958 766 1144 818 aliquam
1191 767 1499 807 tantummodo
1545 775 1745 820 partem,
1804 778 1884 819 qua

464 834 652 874 maxime
700 844 809 885 opus
849 830 961 884 fuit,
1013 831 1056 871 in
1103 828 1238 884 figura
1285 830 1402 886 hac,
1453 830 1515 872 vti
1550 840 1594 872 et
1629 830 1672 872 in
1708 842 1884 885 praece-

465 897 692 950 dentibus,
728 895 921 937 exhibui.
1802 899 1809 903 ”

431 1027 440 1037 .
477 1008 512 1036 c.
581 994 703 1046 Fila,
737 992 798 1035 vti
837 993 877 1034 in
915 992 1217 1048 experimento
1254 992 1388 1047 priori
1426 1005 1483 1034 ex
1517 991 1738 1047 superficie
1783 991 1887 1033 alte-

465 1060 553 1103 rius
600 1060 881 1100 distractarum
927 1060 1115 1113 partium
1161 1058 1343 1097 musculi
1380 1058 1424 1096 in
1460 1057 1633 1098 alterius
1670 1057 1888 1112 superfici-

467 1139 535 1166 em
574 1123 780 1175 extensa,
827 1134 867 1165 at
912 1123 1117 1164 subiectae
1164 1121 1411 1163 substantiae
1455 1120 1683 1162 cellulosae
1725 1122 1888 1163 adhuc·

468 1191 571 1231 dum
609 1188 893 1231 adhaerentia.
964 1187 1083 1227 Haec
1121 1199 1226 1239 ergo
1264 1200 1351 1228 uon
1387 1187 1615 1240 integros,
1670 1199 1777 1241 quos
1822 1187 1889 1226 so-

469 1254 558 1294 luta
603 1251 757 1293 mediis
802 1249 992 1305 partibus
1040 1250 1110 1291 fila
1153 1250 1225 1290 sub
1276 1251 1565 1305 microscopio
1602 1250 1887 1306 repraesenta-

468 1326 598 1370 rent,
654 1315 909 1366 cylindros,
965 1314 1034 1355 sed
1085 1313 1448 1365 semicyliudricas
1495 1316 1716 1357 columnas
1754 1314 1890 1355 effici·

468 1391 561 1433 unt.
629 1379 772 1421 Nimis
811 1378 922 1420 clare
961 1389 1089 1433 atque
1126 1377 1350 1430 distineie,
1396 1379 1611 1432 nimisque
1648 1379 1772 1421 facile
1811 1380 1889 1420 hae

469 1443 837 1496 semicylindricae
885 1442 1149 1495 columnae,
1202 1442 1263 1483 vti
1311 1455 1409 1482 cum
1454 1442 1632 1483 subiecta
1686 1444 1891 1483 continua

470 1508 716 1567 glutinosa,
757 1521 881 1563 quam
921 1508 1167 1549 cellulosam
1205 1507 1386 1559 dicunt,
1422 1504 1656 1546 substanstia
1690 1507 1889 1559 vtrinque

471 1575 678 1618 lateribus
717 1574 796 1615 suis
835 1573 1121 1625 continuent,
1166 1571 1383 1613 obseruari
1419 1580 1462 1612 et
1498 1569 1751 1612 confiderari
1789 1582 1894 1624 pos-

472 1640 602 1694 sunt,
648 1649 781 1693 vtque
818 1638 926 1679 nihil
962 1638 1075 1679 aliud
1114 1639 1239 1689 sunt,
1294 1649 1421 1690 quam
1456 1636 1607 1677 eadem
1646 1635 1750 1676 haec
1788 1648 1894 1675 con·

473 1705 593 1746 tinua
631 1704 850 1745 substantia
887 1701 1131 1757 glutinosa,
1167 1702 1209 1741 in
1248 1701 1316 1742 fila
1353 1700 1537 1742 extensa.
1607 1700 1764 1754 Neque
1801 1699 1895 1753 ple-

474 1782 561 1821 na,
614 1767 641 1807 st
679 1769 783 1809 haec
832 1767 941 1808 sorte
987 1781 1072 1808 nou
1119 1765 1361 1818 sufficiant,
1417 1764 1720 1807 demonstratio
1767 1762 1892 1804 deest.

472 1832 590 1876 Nam
627 1831 654 1871 fi
677 1860 691 1885 ,
727 1832 935 1872 intuendo
973 1832 1143 1873 armatis
1180 1830 1319 1871 oculis
1358 1830 1454 1883 fila,
1491 1829 1707 1871 musculos
1745 1829 1894 1869 remit·

475 1897 565 1944 tis;
619 1897 662 1937 in
699 1896 948 1938 continuam
984 1896 1245 1943 haeclvidcs
1283 1896 1421 1937 redire
1457 1895 1721 1936 substantiam
1764 1893 1893 1947 gluti·

475 1961 660 2013 nosam,
713 1974 768 2002 ex
805 1974 886 2015 qua
923 1959 1093 2002 extensa
1139 1970 1232 2001 orta
1277 1960 1403 2012 sunt,
1456 1959 1623 2013 aequali
1669 1958 1887 2012 superficie

475 2026 749 2082 praeditam,
803 2026 1073 2066 interstitium
1116 2024 1407 2066 musculorum
1454 2025 1610 2080 pariter
1652 2023 1887 2078 replentem

478 2101 522 2133 et
559 2091 773 2132 musculos
811 2091 1103 2132 obducentem
1137 2089 1269 2145 ipsos.
1337 2090 1380 2132 Si
1417 2100 1563 2132 contra
1601 2089 1732 2142 magis
1775 2096 1889 2123 mus·

480 2156 603 2197 culos
640 2170 662 2198 a
698 2157 738 2197 se
783 2156 971 2197 inuicem
1009 2155 1244 2207 distrahas,
1295 2155 1452 2208 filaque
1488 2154 1724 2197 extendas;
1778 2148 1886 2187 hacc

480 2222 652 2274 prorsus
690 2234 711 2262 a
747 2220 927 2262 subicsta
963 2220 1216 2264 soluuntur,
1263 2221 1483 2270 cylindros
1521 2222 1707 2268 integros
1747 2211 1888 2265 persc-

480 2285 660 2340 ctosque
703 2285 992 2343 microscopio
1029 2285 1114 2328 visa
1156 2283 1360 2328 efficiunt.
1446 2284 1581 2327 Vides
1619 2278 1889 2382 deniqucsvt

1740 2342 1888 2384 seutm
