2007 2702
821 202 977 217 .....
1010 183 1169 243 (213)
1201 200 1354 216 -..

279 308 451 351 ticulam
487 302 676 359 indagari
712 305 828 360 poffe
865 306 1038 360 opinor.
1109 304 1238 347 Nunc
1274 302 1497 359 postquam
1531 314 1726 349 externas
1755 306 1880 352 fibras

278 371 512 416 ventriculi
563 369 733 422 finistri,
785 371 846 411 vti
883 372 1022 412 exutis
1059 369 1367 425 integumentis
1404 380 1630 423 apparent,
1681 386 1724 414 in
1761 374 1882 415 tabu·

279 439 329 480 lis
365 435 580 491 prioribus
618 434 826 489 exhibui,
860 435 903 475 in
943 435 1230 476 dissertatione
1268 443 1413 488 quarta
1449 432 1666 486 descripfi;
1716 450 1786 479 eas
1822 439 1885 478 se-

283 502 510 557 quentibus
549 499 702 542 tabulis
740 500 896 551 offero,
934 500 1234 554 describoque,
1271 498 1416 552 fibras,
1455 510 1561 551 quae
1583 497 1666 538 illis
1696 501 1882 542 externis

281 567 468 609 abdustis
515 565 556 605 in
605 565 878 619 conspectum
919 566 1173 618 prodeunt,
1225 577 1382 618 easque
1420 572 1624 616 tanquam
1658 562 1885 606 secundum

274 632 444 673 stratum
480 629 731 680 considero,
787 629 982 682 quamuis
1019 629 1141 669 aliter
1177 628 1289 669 forte
1324 627 1514 682 respecftu
1552 626 1801 679 stratorum,
1836 630 1887 671 ad

279 709 386 751 quae
424 695 554 735 fibrae
592 693 856 746 pertineant,
892 693 1170 733 iudicandum
1208 693 1322 732 esset.
1394 690 1614 743 Sufficiet,
1650 691 1724 732 has
1761 690 1890 733 fibras

278 774 365 803 nou
404 759 538 800 modo
575 758 645 809 fic,
681 758 741 798 vti
776 757 1109 810 repraesentatae
1145 756 1187 796 in
1224 756 1441 808 iconibus,
1476 756 1536 796 vti
1572 755 1615 795 in
1643 755 1893 797 dissertatio·

277 838 329 865 ne
366 823 614 876 descriptae,
652 821 828 861 existere
866 821 909 860 in
946 819 1189 860 ventriculo
1226 819 1409 867 fiuistro3
1447 819 1516 861 sed
1552 819 1602 860 iis
1643 833 1816 873 quoque
1848 821 1892 861 iu

276 888 445 930 sed=bns
483 887 562 927 esse
600 885 835 925 collocatas
858 914 872 936 ,
910 893 956 924 vt
990 885 1201 936 remotis,
1238 899 1346 938 quae
1382 885 1569 939 primum
1607 884 1794 925 abduc‘tis
1830 885 1896 924 in-

275 951 537 1006 tegumentis
575 959 812 1004 apparent,
857 948 1068 990 continuo
1105 947 1143 988 se
1180 949 1394 1002 offerant,
1441 949 1491 990 ab
1527 948 1701 1003 illisque
1737 950 1893 991 imme-

282 1018 391 1058 diate
429 1026 641 1070 tegantur.

509 1123 693 1166 Stratum
719 1122 934 1179 scczmdum
972 1123 1183 1165 ventriculi
1203 1123 1355 1178 stnistri
1391 1124 1452 1165 vti
1485 1136 1510 1164 α
1546 1123 1671 1164 medio

917 1189 1055 1229 dextri
1088 1189 1130 1228 di
1164 1197 1265 1228 erat.

480 1298 682 1340 Externis
728 1296 845 1338 fibris
889 1298 1068 1338 remotis
1117 1299 1260 1339 minor
1295 1296 1470 1352 quidem
1504 1296 1766 1339 ventriculus
1803 1295 1899 1337 fini-

285 1363 390 1415 ster,
424 1363 498 1403 vix
535 1364 712 1403 mollior
749 1372 907 1412 tamen,
943 1363 1087 1410 restat;
1145 1375 1244 1402 cum
1281 1361 1474 1415 pluribus
1512 1363 1642 1402 stratis
1680 1362 1900 1403 interiori-

288 1428 364 1468 bus
403 1427 647 1478 instructus,
685 1426 843 1480 vbique
880 1427 1061 1467 eandem
1098 1425 1215 1476 fere,
1253 1439 1335 1479 qua
1371 1426 1537 1480 integer
1573 1427 1746 1480 gaudet,
1785 1426 1900 1466 duri-

286 1493 392 1531 tiem
438 1492 773 1545 firmitatemque
817 1491 1030 1544 praebeat.
1124 1490 1282 1544 Neque
1318 1488 1453 1542 figura
1487 1489 1704 1542 infigniter
1739 1500 1900 1531 mutata

289 1556 359 1597 est.
397 1557 452 1610 a)
531 1555 589 1596 Et
625 1555 759 1609 ipsum
796 1555 965 1597 stratum
1002 1555 1234 1596 secundum
1273 1553 1395 1595 aliter
1431 1566 1477 1594 ac
1514 1553 1705 1594 medium
1739 1553 1902 1594 ventri-

291 1620 376 1660 culi
435 1621 573 1662 dextri
627 1620 801 1661 firmum
845 1633 930 1662 non
976 1620 1112 1660 modo
1160 1618 1382 1672 densisque
1426 1628 1469 1658 et
1504 1618 1748 1672 compreffis
1783 1616 1903 1658 fibris

293 1685 578 1726 construc‘tum
601 1714 615 1736 ,
669 1685 736 1725 sed
773 1685 989 1738 integrum
1027 1697 1203 1738 quoque
1242 1683 1569 1737 quodammodo
1606 1682 1694 1735 est,
1730 1692 1777 1723 vt
1812 1690 1905 1722 tan·

295 1761 422 1801 quam
460 1750 701 1802 completus
738 1749 999 1790 ventriculus
1039 1749 1200 1799 denuo,
1229 1748 1413 1789 externis
1445 1747 1572 1789 etiam
1591 1756 1746 1788 exutus
1765 1745 1905 1797 fibris,

295 1822 508 1866 appareat.
580 1812 788 1866 Quamuis
827 1814 959 1864 enim,
997 1813 1070 1866 qui
1107 1813 1352 1866 proximam
1388 1812 1496 1865 apici
1532 1811 1673 1852 sedem
1709 1812 1752 1850 in
1779 1809 1904 1851 strato

296 1877 483 1917 secundo
522 1886 687 1930 tegunt,
725 1876 915 1917 fasciculi
952 1877 1196 1917 terminales
1231 1874 1286 1929 b)
1322 1875 1364 1915 in
1401 1876 1525 1918 strato
1560 1875 1686 1917 etiam
1723 1885 1905 1916 externo

294 1941 403 1982 hanc
442 1941 582 1981 sedem
621 1950 834 1995 occupant
869 1942 951 1994 c),
988 1942 1183 1994 adeoque
1219 1941 1268 1980 ad
1306 1940 1415 1981 strati
1452 1941 1618 1982 externi
1652 1939 1778 1980 fibras
1814 1951 1904 1979 me-

296 2007 382 2046 rito
419 2005 683 2055 referuntur3
722 2018 975 2046 communes
1007 2015 1146 2046 tamen
1182 2004 1262 2055 illi,
1290 2017 1387 2045 cum
1423 2005 1501 2047 soli
1536 2004 1823 2046 ventriculum
1858 2001 1900 2040 in

299 2082 349 2112 ea
385 2070 481 2112 sede
519 2070 742 2124 claudant,
778 2071 973 2112 omnium
1008 2071 1154 2125 potius
1192 2069 1414 2111 stratorum
1451 2070 1607 2124 fibrae,
1646 2081 1770 2124 quam
1802 2076 1900 2119 pro-

1782 2140 1901 2183 priae

376 2276 415 2322 a)
444 2278 529 2311 Tab.
558 2279 630 2314 vu.
658 2282 695 2313 F.
723 2282 763 2316 G.
792 2281 835 2315 H.
865 2279 890 2319 Ι.

375 2324 413 2367 b)
440 2327 514 2360 Tab
553 2328 630 2363 Vll.
656 2340 706 2373 50.
733 2341 783 2375 5¹·
817 2342 868 2369 52.
899 2341 952 2373 53·

376 2375 410 2423 c)
440 2377 527 2414 Tab.
555 2376 621 2412 lV.
651 2389 730 2420 103.
758 2391 832 2422 104.
