2007 2702
713 188 1051 245 -··'(267)
1084 204 1235 231 ἒ

160 318 279 350 ,num
312 304 506 356 videtur,
539 311 586 344 vt
619 301 689 345 fila
720 302 866 345 breuia
898 304 1104 358 producta
1137 304 1180 345 in
1217 304 1401 359 decuplo
1439 305 1559 361 saepe
1593 307 1767 362 longio-

160 386 220 414 ·ra
252 371 365 413 facili
400 368 576 424 negotio
612 369 855 410 continuata
890 368 1091 410 trac‘tione
1127 370 1300 412 extendi
1336 379 1506 425 queant.

364 496 401 550 ᾗ.
443 509 513 548 14.
580 497 661 538 His
698 496 915 549 omnibus,
950 497 1230 550 substantiam,
1268 511 1348 552 qua
1368 497 1552 539 musculi
1574 497 1765 552 obducti,

171 560 348 602 minime
385 561 656 613 cellulosam,
691 560 762 603 sed
798 565 1069 614 continuam,
1105 561 1341 615 aequalem,
1374 563 1671 616 semifluidam,
1705 573 1769 605 te-

170 637 320 666 nacem
355 633 397 665 et
431 625 688 679 pellucidam
731 626 995 667 substantiam
1042 626 1154 676 efl‘e,
1208 626 1387 666 omnino
1442 628 1763 669 demonstratur.

168 688 288 729 Dum
324 689 504 729 musculi
543 689 627 729 duo
662 688 826 740 vicini,
878 698 948 730 aut
981 690 1201 742 portiones
1241 689 1458 742 musculi,
1509 691 1765 743 communi,

170 751 241 792 sed
277 753 475 805 tenuiori,
513 752 729 803 cellulosa,
764 753 887 805 adipe
920 753 1101 804 priuata,
1136 753 1309 794 obduffi
1344 763 1388 794 et
1421 754 1763 808 coniunCti,pal-

169 816 314 856 lidiori
366 816 572 857 rubedine
621 816 827 868 fibrisque
873 815 1013 855 minus
1052 815 1247 856 distineiis
1285 826 1488 870 apparent
1523 817 1590 870 (ᾗ.
1629 818 1764 867 12.);

166 880 332 930 nescio,
368 891 449 932 qua
483 879 574 920 fieri
610 880 716 920 solet
749 878 878 920 animi
912 879 1252 931 inaduertentia,
1288 888 1334 920 vt
1366 879 1436 920 vel
1471 880 1633 921 nullam
1667 893 1762 922 mu-

165 942 287 983 sculis
322 941 572 981 incumbere
606 942 871 982 substantiam
905 952 1131 996 putemus;
1168 956 1265 983 cum
1298 943 1373 996 ipfi
1407 943 1568 985 scilicet
1586 955 1761 985 muscu-

162 1007 217 1057 li,
251 1005 410 1059 pallide
444 1005 594 1056 rubri,
646 1014 893 1053 cernantur-3
946 1005 1150 1047 cellulosa
1184 1007 1235 1047 iis
1271 1007 1512 1061 superstrata
1546 1008 1760 1061 pellucida

163 1082 250 1109 non
295 1078 512 1122 appareat3
566 1067 636 1108 vel
678 1077 853 1120 tamen,
906 1082 1006 1109 cum
1041 1070 1323 1112 nihilominus
1360 1071 1606 1113 cellulosam
1641 1072 1761 1113 illam

162 1132 419 1182 auferamus,
453 1141 501 1172 vt
536 1131 758 1172 distinctius
795 1132 941 1182 fibrae,
977 1135 1178 1186 auctaque
1214 1135 1418 1176 rubedine
1454 1136 1654 1187 musculi,
1686 1150 1758 1190 ap-

161 1206 350 1250 pareant,
387 1196 638 1249 glutinosam
673 1205 845 1236 tenuem
869 1195 1127 1249 pellucidam
1145 1198 1280 1248 illam,
1300 1200 1504 1239 musculis
1525 1201 1756 1252 inductam,

163 1260 339 1300 crustam
363 1289 375 1312 ,
426 1260 602 1313 eiusque
637 1259 857 1313 aequalem
894 1269 936 1300 et
968 1260 1148 1313 politam
1185 1260 1450 1313 superficiem
1489 1276 1574 1303 non
1613 1264 1758 1304 obser-

160 1335 327 1364 vemus.
395 1324 492 1364 Hoc
525 1334 691 1364 certum
728 1323 807 1373 est,
844 1324 922 1363 hac
958 1323 1044 1363 sola
1084 1325 1327 1376 quotidiana
1363 1326 1624 1378 experientia
1661 1341 1756 1368 om-

161 1400 258 1428 nem
295 1387 519 1428 cellulosae
556 1388 687 1426 dietae
723 1395 912 1426 naturam
940 1394 1096 1438 patere.
1165 1387 1278 1428 Nam
1310 1388 1484 1439 aequalis
1510 1400 1552 1429 et
1574 1394 1753 1430 continua

159 1450 263 1492 haec
300 1451 501 1491 musculis
540 1448 780 1501 superstrata
817 1449 1065 1500 substantia,
1099 1450 1182 1490 fiue
1218 1451 1452 1491 inermibus
1490 1452 1572 1492 fine
1614 1467 1751 1494 arma-

158 1515 211 1553 tis
248 1514 384 1553 oculis
419 1512 504 1552 visa
538 1522 732 1565 apparet3
785 1526 918 1566 eaque
954 1514 1090 1553 tenuis
1136 1523 1178 1554 et
1218 1513 1496 1568 subpellucida
1551 1517 1748 1569 quidem,-

158 1585 205 1616 vt
239 1576 334 1616 tec'ti
370 1588 417 1616 ea
454 1576 667 1626 musculi,
717 1585 916 1629 tanquam
952 1577 980 1616 fi
1016 1578 1117 1618 nudi
1154 1578 1313 1630 essent,
1361 1580 1568 1620 rubedine
1607 1590 1747 1621 tamen

158 1640 318 1680 minuta
352 1648 394 1680 et
429 1639 566 1679 minus
606 1639 800 1680 distineris
837 1641 972 1692 fibris,
1008 1650 1307 1695 transpareant.
1375 1643 1624 1697 Eademque
1647 1658 1749 1684 con-

159 1704 274 1743 tinua
311 1702 543 1752 substantia,
578 1703 647 1742 vbi
685 1705 733 1743 ad
770 1704 1035 1746 interstitium
1071 1706 1204 1757 venit,
1238 1715 1281 1746 et
1314 1707 1480 1747 transire
1502 1707 1745 1760 superillud

158 1777 199 1806 et
233 1767 486 1808 descendere
521 1767 562 1805 in
599 1767 712 1807 idem
749 1772 952 1821 continua,
993 1770 1194 1822 idemque
1230 1770 1413 1824 replere,
1444 1770 1569 1811 fimul
1606 1773 1744 1811 cerni-

158 1839 246 1878 tur3
283 1840 344 1881 vt,
384 1831 742 1883 quemadmodum
782 1831 916 1872 solent
951 1832 1239 1886 subpellucida
1275 1834 1505 1874 semifluida
1545 1848 1743 1887 corpora,

157 1893 334 1934 obscure
386 1894 523 1946 griseo
570 1895 715 1935 colore
761 1896 801 1935 in
839 1897 1061 1937 interstitio
1098 1906 1306 1950 appareat.
1392 1896 1508 1938 Dum
1547 1898 1742 1938 dii'tradiis

155 1970 257 1997 vero
294 1957 561 2011 portionibus
598 1960 902 2001 muscularibus
941 1960 1140 2001 cellulosa
1177 1959 1426 2009 substantia,
1466 1975 1570 2014 quae
1609 1962 1742 2002 inter-

153 2021 306 2061 stitium
343 2023 590 2074 portionum
624 2024 774 2076 replet,
810 2035 898 2064 tum
937 2034 978 2064 et
1016 2038 1120 2076 quae
1156 2023 1260 2076 ipsas
1297 2024 1517 2077 portiones
1548 2025 1741 2078 obducit,

153 2086 417 2134 extenditur3
469 2087 509 2125 in
545 2085 615 2127 fila
649 2087 785 2139 haec,
829 2088 886 2128 vti
925 2087 1060 2128 solent
1094 2088 1252 2128 tenacia
1291 2088 1520 2128 scmi1311id21
1558 2103 1738 2142 corpora

154 2151 299 2200 tracta,
335 2149 507 2202 fingitur
543 2149 765 2204 (§.12.).
835 2152 893 2192 Et
927 2162 1042 2205 patet
1076 2165 1195 2205 ergo,
1234 2152 1333 2192 dum
1373 2153 1588 2192 rrusculos
1618 2168 1738 2207 prae·

151 2213 334 2266 parando
371 2213 439 2253 fila
476 2213 675 2255 cellulosa
709 2217 807 2256 oriri
844 2226 886 2256 et
920 2217 960 2256 in
1000 2217 1266 2270 conspectum
1303 2217 1445 2256 venire
1483 2217 1630 2263 »ides;
1687 2231 1732 2257 ea

150 2277 322 2318 artificia
354 2280 451 2331 esse,
487 2291 508 2319 a
544 2278 666 2319 nobis
701 2277 893 2322 formata.
965 2281 1117 2333 Neque
1154 2293 1256 2321 vero
1281 2281 1395 2321 fuine
1415 2282 1625 2334 putaueris
1647 2280 1731 2329 fila,

883 2344 951 2385 Ll
991 2356 1013 2381 2
1657 2343 1729 2382 fibi
