2007 2702
826 205 980 221 .-.-
1012 188 1171 246 (263)
1205 203 1357 218 -..

279 319 355 361 fibi
393 323 543 358 mutuo
581 310 906 362 incumbentia,
959 321 1046 351 non
1085 308 1269 350 distincta
1314 307 1450 358 ideo,
1504 314 1545 347 et
1587 306 1892 365 inconspicuaj

283 396 388 438 quae
426 378 671 421 extensione
710 378 753 417 in
789 375 1066 429 conspectum
1101 375 1289 415 veniant.
1357 371 1471 413 Nam
1508 370 1609 411 dum
1644 376 1808 416 trahere
1828 377 1893 416 in-

280 447 413 500 cipis,
448 444 568 485 vides
607 441 881 495 microscopii
919 453 1030 494 ope,
1070 453 1150 493 qua
1186 439 1351 480 ratione
1388 437 1526 477 leuata
1562 437 1760 480 trafiione
1797 440 1894 480 sub-

279 512 422 552 stantia
459 519 619 560 tenax,
672 506 743 547 fila
780 507 1047 556 formatura,
1108 515 1206 545 cum
1245 502 1424 544 subiedta
1461 500 1598 542 adhuc
1637 502 1894 557 cohaereat,

279 576 592 628 columnasque
645 571 801 612 efficiat
855 569 1246 622 semicylindricas3
1298 567 1509 621 videsque
1564 578 1645 619 qua
1696 565 1896 620 ratione,

279 641 487 682 tractione
530 637 679 688 aucta,
721 649 743 676 a
779 635 960 675 subiefta
996 634 1217 674 substantia
1254 633 1440 686 denique
1479 630 1699 682 soluatur,
1736 629 1898 684 separa-

279 714 407 758 taque
450 703 555 753 fila,
607 709 680 743 aut
716 698 938 739 columnas
977 698 1233 750 cylindricas
1270 697 1454 750 integras
1492 695 1715 748 producat.
1807 694 1900 735 Ne-

282 782 384 823 que,
421 767 448 808 fi
484 779 583 807 vera
619 764 689 804 fila
725 763 930 803 cellulosa
968 764 1171 802 naturalia
1209 762 1355 813 essent,
1395 773 1496 814 quas
1528 757 1901 813 produxisti‚bre-

280 834 425 874 viores
463 829 766 880 craffioresque
811 827 1039 867 columnae
1084 827 1126 866 in
1174 825 1361 879 decuplo
1407 825 1639 878 longiora,
1693 832 1899 877 tantoque

281 896 479 937 tenuiora
515 892 586 933 fila
624 891 799 932 extendi
836 891 1014 945 possent.
1084 890 1208 931 ldem
1244 903 1348 930 vero
1385 889 1731 943 experimentum
1767 898 1810 928 et
1844 896 1903 928 te-

283 961 498 1002 nacitatem
535 957 796 998 semifluidae
836 955 1080 996 substantiae
1118 955 1390 994 demonstrat.
1461 953 1573 993 Nam
1604 952 1675 992 nisi
1707 962 1833 993 tenax
1854 951 1902 992 fit

283 1037 441 1078 corpus
481 1031 523 1063 et
560 1021 876 1070 semifluidum‚
922 1020 963 1059 in
1002 1019 1073 1059 fila
1110 1018 1148 1058 se
1187 1017 1361 1058 extendi
1399 1030 1483 1057 non
1521 1017 1694 1069 patitur.
1765 1015 1902 1056 Deni-

286 1103 367 1144 que
415 1089 516 1128 dum
559 1086 735 1127 remiffis
782 1083 1056 1139 portionibus
1104 1080 1417 1122 muscularibus
1461 1080 1531 1121 fila
1569 1082 1705 1120 rursus
1744 1088 1903 1120 coeunt

282 1153 326 1194 in
363 1153 614 1194 continuam
652 1160 694 1191 et
728 1148 950 1203 aequalem
990 1146 1252 1187 substantiam
1277 1174 1290 1195 ,
1349 1144 1483 1198 qualis
1523 1144 1634 1194 fuit,
1672 1154 1903 1197 antequam

283 1218 592 1259 extenderetur
629 1214 696 1266 (ς.
741 1212 868 1262 13.);
906 1219 949 1250 et
983 1206 1224 1261 glutirzosam
1261 1210 1368 1250 hanc
1406 1207 1673 1249 substantiam
1709 1209 1788 1248 esse
1826 1208 1902 1248 ali-

287 1295 371 1337 qua
408 1281 589 1329 ratione,
627 1286 670 1320 et
695 1273 998 1330 scnziflzcidanz,
1036 1272 1302 1313 manifestum
1341 1273 1411 1313 est.
1488 1273 1664 1313 Etenim
1701 1272 1780 1313 hac
1817 1272 1904 1326 ipsa

284 1344 575 1400 glutinofitate
633 1341 801 1394 penitus
855 1338 926 1378 fila
978 1338 1105 1376 inter·
1141 1336 1179 1376 se
1217 1338 1450 1378 cohaerent
1484 1347 1527 1376 et
1561 1339 1602 1377 in
1642 1337 1899 1377 continuum

286 1417 470 1456 coeunt3
510 1419 588 1446 nec
626 1404 699 1445 nisi
735 1402 973 1444 semifluida
1008 1400 1227 1441 substantia
1267 1403 1383 1449 effer„
1420 1401 1461 1440 in
1498 1413 1628 1440 vnum
1662 1402 1779 1441 coire
1801 1413 1906 1441 con·

287 1475 455 1514 tinuum
492 1470 672 1525 poffent.
744 1467 963 1509 Continua
1000 1478 1104 1519 ergo
1142 1474 1184 1504 et
1220 1465 1426 1518 aequalis,
1462 1464 1722 1515 semifluida.,
1758 1474 1903 1515 tenax,

287 1537 486 1587 trac'tilis,
525 1532 758 1589 glutinosa,
795 1531 1087 1588 subpellucida
1122 1528 1340 1571 substantia
1378 1542 1427 1572 ea
1462 1527 1551 1582 est,
1606 1539 1733 1582 quam
1768 1530 1903 1582 vulgo

289 1600 538 1645 cellulol'am
576 1599 774 1641 dicimus.

485 1731 521 1784 ς.
566 1743 636 1781 15.
718 1731 838 1774 Dum
875 1727 1060 1771 musculi
1097 1728 1368 1784 portionibus
1409 1725 1588 1768 diduc'tis
1625 1722 1783 1766 inclusa
1819 1721 1906 1764 cel-

290 1794 425 1838 lulosa
464 1795 504 1835 in
543 1796 612 1836 fila
651 1797 896 1836 extenditur
933 1795 999 1847 (ᾗ.
1046 1797 1182 1846 12.).,
1220 1795 1287 1833 vel
1326 1794 1426 1833 dum
1465 1792 1578 1832 varie
1616 1790 1812 1843 agitatur⁷
1839 1801 1909 1828 ca-

290 1862 332 1902 su
371 1861 488 1913 saepe
527 1860 706 1910 accidit,
752 1870 798 1900 vt
835 1874 903 1900 aer
939 1860 1146 1911 irrumpat
1181 1859 1221 1897 in
1261 1857 1540 1905 cellulosam‚
1577 1855 1802 1908 bullasque
1839 1865 1911 1893 ae·

288 1941 379 1968 reas
411 1925 606 1965 minimas
638 1925 777 1965 variae
808 1923 1112 1976 magnitudinis
1136 1932 1259 1975 atque
1283 1923 1440 1975 figurae
1466 1920 1623 1961 efficiat
1644 1919 1736 1972 (fig.
1760 1934 1803 1969 4.
1827 1916 1904 1969 d.).

291 1991 360 2033 Sic
402 1990 554 2030 factum
593 1989 633 2028 in
671 2002 724 2029 eo
762 1989 1092 2042 experimento.¹
1131 1988 1248 2027 cuius
1286 1987 1541 2040 productum
1579 1984 1712 2038 figura
1750 1998 1792 2033 4.
1830 1991 1902 2019 cx-

291 2056 436 2102 hibui5
490 2054 561 2094 vbi
616 2054 776 2093 scilicet
825 2053 896 2093 sub
934 2052 1222 2105 microscopio
1261 2052 1536 2091 mediocriter
1573 2057 1752 2102 augente
1789 2054 1904 2083 mus·

294 2122 457 2161 culares
513 2118 733 2172 portiones
788 2117 1040 2158 diducebam
1084 2116 1257 2156 viciffim
1304 2126 1346 2156 et
1388 2114 1673 2156 remittebam.
1759 2105 1900 2147 Nimis

293 2183 546 2232 manifesto„
585 2183 796 2235 nimisque
845 2182 1023 2235 pulchre
1059 2181 1180 2232 vidi,
1217 2181 1275 2220 vti
1313 2194 1409 2221 cum
1449 2180 1644 2233 impetu,
1677 2175 1765 2212 imo
1803 2182 1903 2209 (1¹¹ss

296 2247 467 2299 strepitu
505 2247 667 2299 aliqum
704 2258 761 2287 vtt
801 2246 1042 2289 videbatur,
1081 2246 1319 2298 irrumpens
1358 2247 1468 2285 inter
1503 2244 1568 2282 fila
1603 2250 1671 2278 aer
1708 2233 1900 2288 copiosas

296 2320 523 2356 momento
563 2311 695 2354 bullas
730 2325 806 2368 per
843 2310 1092 2353 cellulosam
1128 2310 1358 2352 diffuderit.
1429 2307 1515 2350 Vbi
1544 2301 1727 2344 musculi
1757 2299 1904 2341 remit-

1808 2373 1905 2405 tuss-
