2007 2702
691 214 840 240 —···-=·—·
875 200 1032 258 (219)
1067 217 1216 233 -··

156 314 271 370 priae
306 310 414 355 strati
449 311 631 365 externi,
667 313 897 356 censendae
933 316 1012 356 effe
1047 317 1260 358 videntur.
1315 315 1415 360 Sola
1436 328 1627 373 apertura
1647 334 1750 363 ven·

157 378 298 420 triculi
332 378 388 430 a)
432 378 481 421 ad
526 378 688 430 apicem
723 378 766 418 in
800 378 993 420 inferiori
1028 380 1237 435 imprimis
1274 381 1492 435 superficie
1513 412 1526 436 ,
1580 385 1632 425 de
1670 400 1752 439 qua

157 442 200 483 in
237 441 504 495 sequentibus
550 442 720 493 dicam,
772 455 857 496 quo
894 444 1032 484 minus
1069 445 1248 486 omnino
1286 446 1526 500 completus
1562 449 1610 488 fit
1643 461 1747 490 ven-

155 506 364 555 triculus,
414 504 558 545 obstat.
647 505 786 545 Aliter
830 515 969 547 tamen
1016 507 1146 561 longe
1183 510 1220 549 se
1257 522 1322 549 res
1361 510 1488 551 habet
1522 511 1564 552 in
1600 513 1746 554 medio

152 569 276 608 strato
312 568 534 609 ventriculi
570 569 707 610 dextri
741 567 827 621 b),
877 570 950 611 vbi
988 571 1174 612 defectus
1212 572 1413 612 fibrarum
1449 573 1641 629 vbique,
1695 578 1746 618 ad

152 632 404 685 marginem,
440 632 489 672 ad
525 632 705 684 apicem,
741 633 789 673 ad
828 646 1015 683 crenam,
1050 635 1257 675 continuo
1280 646 1503 688 apparent3
1540 639 1743 681 vtsolum

150 695 235 737 hoc
272 695 437 736 stratum
473 694 678 735 intuendo
715 694 838 735 facile
873 697 1083 750 intelligas
1105 726 1119 749 ,
1173 698 1337 738 nullum
1384 700 1561 741 interius
1600 704 1743 757 super-

151 759 231 799 esse
266 758 394 810 aliud,
430 757 517 809 nisi,
558 771 662 811 quae
698 759 906 799 internam
943 761 1168 801 ventriculi
1205 761 1469 815 superficiem
1506 764 1744 820 inuestiant,

151 823 312 873 fibras,
368 830 438 862 aut
480 835 585 875 quae
627 822 896 862 reticularem
940 822 1124 863 efficiant
1159 824 1247 863 eius
1284 825 1524 868 structuram
1562 830 1745 871 censeas.

149 885 208 926 Et
242 885 423 925 multum
460 885 569 925 abest
604 885 757 937 igitur,
809 885 909 937 quin
945 885 1064 926 velut
1099 887 1251 927 sinister
1286 888 1452 941 integer
1487 891 1560 931 ille
1598 903 1642 934 et
1678 903 1746 936 to-

149 958 213 990 tus
248 949 532 999 ventriculus,
569 956 721 987 exutus
757 947 831 988 suo
867 948 989 989 strato
1025 959 1224 1002 externo,
1244 951 1378 992 videri
1414 953 1550 1006 posiit.

226 1043 431 1099 Dispositio
465 1041 665 1094 fibrarum
694 1043 817 1096 strati
840 1043 1005 1098 secundi
1038 1046 1199 1097 definita
1235 1056 1270 1086 et
1305 1055 1536 1102 comparata
1573 1062 1659 1091 cum

320 1105 561 1161 dispositione
584 1105 785 1157 fibrarum
808 1107 932 1160 strati
965 1112 1131 1151 externi.
1201 1109 1417 1152 Fibrarum
1439 1114 1564 1167 strati

735 1173 888 1211 externi
930 1172 1141 1226 dffqsttio.

337 1233 415 1276 Vti
459 1234 510 1275 fic
546 1233 690 1275 sensim
727 1234 768 1274 in
805 1235 927 1276 variis
966 1236 1302 1278 ventriculorum
1340 1240 1470 1281 stratis
1507 1241 1635 1282 fibrae
1672 1243 1737 1283 di-

138 1296 371 1338 rec'tionem
414 1298 524 1338 suam
567 1307 760 1349 mutant,
813 1308 858 1340 vt
893 1300 1070 1340 eandem
1107 1302 1279 1342 demum
1317 1303 1507 1345 semitam
1542 1305 1731 1359 legendo

139 1361 267 1401 fibrae
304 1362 549 1402 vltimorum
586 1362 804 1403 stratorum
843 1376 896 1402 eo
932 1363 1069 1404 rursus
1107 1365 1303 1415 redeant,
1339 1369 1451 1407 vnde
1488 1370 1731 1421 primorum

136 1424 263 1464 fibrae
300 1435 417 1467 erant
451 1427 702 1478 produciae5
746 1424 923 1465 notabili
959 1426 1042 1466 iam
1079 1428 1209 1479 gradu
1245 1428 1375 1470 fibrae
1412 1430 1521 1471 strati
1558 1432 1728 1474 secundi

135 1501 158 1528 a
191 1489 316 1541 primi
353 1489 459 1528 strati
495 1488 610 1527 fibris
650 1488 889 1527 directionis
927 1488 1110 1542 respectu
1137 1490 1350 1531 differunt.
1418 1494 1580 1534 Harum
1602 1496 1730 1536 fibra-

136 1564 231 1591 rum
274 1551 487 1603 dispositio
534 1559 673 1591 autem
707 1561 753 1591 vt
788 1553 1019 1593 accuratius
1059 1553 1222 1594 definiri
1259 1564 1300 1595 et
1336 1560 1570 1611 comparari
1607 1561 1730 1612 posiit

135 1626 233 1654 cum
270 1613 537 1666 dispositione
573 1614 771 1655 fibrarum
807 1624 1095 1669 externarum,
1132 1630 1185 1658 ex
1219 1621 1448 1661 earundem
1477 1622 1727 1676 descriptio-

134 1677 258 1718 nibus
307 1678 510 1730 quaedam
547 1677 615 1718 hic
660 1680 886 1733 repetenda
922 1679 1029 1720 sunt.
1098 1680 1196 1722 Istae
1233 1683 1286 1723 fic
1323 1684 1540 1738 dispositae
1577 1696 1728 1739 erant,

134 1749 181 1780 vt
222 1741 396 1781 dimidia
443 1741 550 1795 quasi
595 1755 686 1795 pars
733 1756 908 1794 earum,
964 1745 1072 1785 ordo
1110 1745 1268 1787 scilicet
1302 1749 1465 1800 primus
1503 1759 1545 1789 et
1580 1750 1730 1790 secun-

134 1804 210 1844 dus
248 1805 332 1858 c),
386 1804 457 1845 vbi
494 1818 547 1845 ex
583 1805 745 1847 sedibus
783 1807 860 1847 suis
896 1807 1078 1860 singulae
1115 1809 1243 1850 fibrae
1280 1820 1395 1852 ortae
1433 1814 1590 1865 essent,
1626 1827 1727 1866 pro-

130 1867 241 1920 prias
287 1877 329 1908 et
372 1868 607 1908 insertionis
651 1869 764 1910 sedes
801 1870 983 1923 singulae
1021 1872 1386 1915 fereffinuenirent
1420 1877 1510 1927 d)‚·
1564 1876 1725 1918 ambitu

132 1931 369 1972 insertionis
393 1959 405 1982 ,
458 1932 547 1972 stria
592 1946 685 1974 cum
729 1934 932 1975 fasciculo
970 1937 1179 1976 terminali
1217 1937 1407 1977 inferiori
1445 1940 1494 1978 ad
1530 1950 1725 1981 centrum

135 1994 333 2036 focorum
368 2008 502 2049 vsque
537 1996 622 2049 e),
659 1997 767 2039 haud
805 1999 986 2039 multum
1023 2000 1292 2051 longitudine
1330 2002 1507 2042 cedente
1545 2003 1723 2045 ambitui

894 2062 930 2101 E
954 2075 975 2101 e
1018 2074 1038 2098 2
1635 2069 1722 2108 ori-

202 2151 247 2197 a)
300 2152 383 2186 Tab.
412 2152 483 2188 Vll.
511 2165 563 2198 54.
593 2155 677 2190 Tab.
706 2155 765 2190 IX.
796 2166 844 2199 23.
875 2166 926 2198 24.

203 2200 248 2246 b)
299 2201 383 2235 Tab.
410 2202 485 2236 Vll.
513 2206 548 2237 A.
579 2205 610 2237 B.
641 2206 676 2237 C.
707 2206 744 2238 D.

203 2251 240 2292 e)
291 2251 375 2284 Tab.
404 2250 453 2285 Vl.
484 2265 515 2296 y.
544 2265 593 2294 13.
625 2265 681 2295 24.
710 2254 794 2288 Tab.
822 2253 874 2291 lV.
905 2255 953 2301 Q
975 2256 1016 2291 D.
1043 2255 1085 2292 R.
1115 2266 1182 2303 105.

201 2298 245 2340 d)
297 2298 385 2335 Tab.
413 2300 466 2335 Vl.
494 2315 526 2346 y.
555 2309 611 2342 46.
639 2313 693 2345 75.
719 2308 772 2346 78.

205 2348 244 2390 e)
296 2347 381 2383 Tab.
409 2349 460 2386 Vl.
494 2364 528 2397 y.
558 2365 605 2391 η.
633 2359 689 2393 80.
