2007 2702
817 199 970 213 ·-·
1003 182 1160 239 (244)

274 306 359 348 iam
396 313 546 346 notum
583 300 787 354 omittat,
841 310 884 341 et
928 301 1030 342 huic
1067 312 1227 341 nomen
1265 298 1477 341 Smeetitis
1513 301 1881 359 substituat52red⁴

276 373 375 413 dere
414 382 500 410 non
537 368 728 420 possunt,
766 367 885 419 quod
921 379 975 407 eo
1012 366 1147 419 magis
1184 365 1290 405 mihi
1327 365 1482 406 mirum
1518 367 1710 421 videtur„
1749 382 1880 424 quum

277 447 438 477 nomen
493 431 691 475 Schoerli
742 431 930 484 primum
984 430 1096 484 apud
1149 430 1390 472 Germanos
1444 430 1623 471 extitifl‘e
1678 435 1881 475 videatur*-

278 498 509 543 Smee‘titen
554 507 696 538 autem
739 495 935 536 eiusdem
983 495 1253 548 temporibus
1299 495 1414 535 aliud
1460 496 1679 549 quoddam
1714 507 1756 538 et
1792 499 1884 553 qui-

279 563 377 605 dem
415 570 575 604 cretam
610 559 884 616 Hispanicam
919 558 1161 615 fignificaffe
1199 569 1363 601 certum
1400 559 1471 600 est.

474 671 578 713 Non
631 670 799 724 possum
852 682 939 710 non
994 668 1171 721 mirari,
1225 682 1324 710 cum
1369 668 1498 711 Sueui
1551 669 1635 710 iam
1678 668 1889 711 Naturam

279 735 475 781 Schoerli
522 736 788 789 perspet‘tum
833 734 1076 786 haberent,
1128 735 1170 774 in
1218 733 1448 775 Germania
1501 733 1630 774 serius
1677 735 1889 788 quosdam

280 801 460 843 extitiss'e
513 799 847 851 Mineralogos,
901 799 973 850 qui
1027 807 1112 838 tam
1166 796 1275 838 male
1322 811 1420 839 cum
1473 798 1523 839 iis
1580 799 1889 852 congruebant.

280 866 392 908 Nam
433 864 526 917 quis
573 876 659 903 non
705 861 907 903 fatebitur
952 860 1049 902 falsa
1084 862 1164 902 effe
1201 874 1283 915 ea,
1338 875 1445 917 quae
1480 863 1648 917 pridem
1686 862 1756 903 Cl.
1792 862 1891 903 Iusti

281 930 333 970 de
380 927 593 970 Schoerlo
639 925 953 968 affirm-auerat:
1008 925 1215 980 Spumam
1259 940 1415 981 nempe
1459 927 1585 982 lupi,
1639 927 1715 979 (vt
1763 927 1890 980 ipfius

280 993 421 1035 verbis
452 992 581 1045 vtar.)
620 991 687 1032 vel
725 990 985 1034 Schoerlum
1021 990 1100 1031 effe
1138 991 1344 1032 mineram
1386 990 1501 1043 ferri,
1539 1004 1647 1046 quae
1686 990 1784 1032 ferri
1806 991 1892 1032 Ar-

281 1058 496 1111 fenicique
527 1055 773 1111 particulas,
811 1069 858 1096 ac
896 1063 1051 1096 terram
1088 1068 1176 1095 non
1211 1055 1492 1106 metallicam,
1527 1055 1675 1096 Stanni
1710 1056 1891 1109 aliquid,

281 1124 467 1177 aurique
501 1121 644 1176 paffim
689 1121 938 1176 portionem
982 1119 1189 1159 continet.
1273 1119 1436 1161 Nonne
1481 1118 1626 1175 potius
1672 1119 1777 1160 haec
1821 1119 1894 1160 ad-

281 1187 513 1229 haerebant
549 1195 715 1227 tantum
750 1186 840 1225 eius
877 1181 1155 1237 superficiei?
1653 1176 1675 1187 ⁴'

475 1282 538 1322 At
574 1279 780 1334 Cronstedt
814 1280 879 1319 vir
915 1278 1195 1331 clariffimus,
1247 1279 1320 1332 qui
1356 1279 1424 1321 sua
1467 1289 1602 1322 aetate
1637 1288 1720 1322 tam
1759 1279 1893 1321 multa

281 1346 324 1386 in
363 1355 508 1386 natura
547 1344 746 1385 foffilium
787 1343 981 1384 chemice
1017 1343 1317 1396 perscrutanda
1352 1343 1538 1384 versatus
1574 1345 1665 1397 cst,
1709 1345 1895 1388 Schoer·

281 1411 373 1451 lum
417 1408 490 1449 sub
528 1409 701 1449 nomine
739 1407 926 1449 Basaltae
963 1407 1264 1461 complexus,
1311 1408 1466 1448 multas
1503 1408 1697 1449 eiusdem
1733 1409 1894 1462 species

282 1485 326 1515 et
360 1475 582 1515 varietates
622 1473 843 1514 adnotauit
868 1501 882 1524 ‚
935 1472 1179 1526 multasque
1215 1471 1281 1511 vir
1315 1469 1389 1511 ille
1426 1470 1614 1511 summus
1656 1473 1897 1526 proprieta-

283 1549 345 1580 tes
384 1539 473 1579 eius
512 1537 667 1579 eruitas
707 1537 942 1578 adnotauit.
1028 1536 1161 1591 Quod
1198 1544 1340 1576 autem
1387 1534 1614 1589 particulas
1657 1548 1757 1576 eum
1794 1548 1898 1576 con-

285 1604 502 1644 stituentes
538 1603 725 1655 attinet,
778 1615 932 1656 paucas
970 1600 1182 1651 affirmat,
1234 1599 1441 1640 scitiffime
1479 1601 1564 1641 hoe
1602 1601 1736 1641 modo
1775 1600 1896 1640 diffe-

284 1681 412 1709 rens:
451 1666 573 1708 Nolo
611 1679 767 1720 negare
805 1666 1073 1707 Schoerlum
1100 1664 1214 1719 posse
1249 1664 1464 1718 reperiri,
1501 1665 1573 1717 qni
1609 1675 1776 1718 praeter
1814 1663 1898 1705 fer-

284 1744 413 1781 rum,
465 1731 594 1771 stanni
631 1741 674 1771 et
708 1731 875 1784 plumbi
921 1730 1081 1783 aliquid
1129 1730 1380 1781 contineat,
1433 1728 1502 1769 sed
1549 1738 1689 1770 certus
1727 1729 1778 1768 de
1816 1728 1895 1769 hac

286 1809 332 1837 re
368 1808 455 1835 non
493 1794 613 1845 snm,
651 1808 908 1848 quamquam
947 1796 1074 1835 audio
1111 1808 1133 1834 c
1171 1793 1384 1835 Schoerlo
1420 1792 1807 1835 Redbeckswiensc
1845 1792 1896 1833 ad

288 1860 437 1902 Umeo
474 1858 700 1912 plumbum
739 1859 972 1898 extractum
1011 1857 1161 1909 fuiffe,
1215 1867 1258 1897 et
1292 1857 1533 1899 verosimile
1577 1859 1682 1899 mihi
1720 1868 1895 1912 quoque

288 1925 460 1966 videtur
495 1923 754 1965 Schoerlum
790 1924 832 1962 in
869 1922 1066 1975 Anglicis
1103 1921 1222 1961 venis
1269 1922 1502 1964 stanniferis
1546 1922 1753 1963 Stannum
1790 1934 1896 1962 con-

290 1990 439 2030 tinere.
510 1987 589 2037 <In
626 1988 868 2041 germanica
913 1987 1003 2027 eius
1049 1986 1361 2039 Mincralogiae
1405 1987 1612 2029 Editione
1648 1985 1893 2028 Werneria-

289 2068 357 2096 na.
424 2052 588 2107 Lipfiae
631 2055 766 2104 1760.
803 2051 900 2092 Pars
941 2051 973 2091 Ι.
1010 2064 1107 2106 pag.
1150 2054 1302 2104 173.).

484 2162 532 2203 In
570 2160 799 2203 Germania
840 2173 974 2215 porro
1011 2158 1421 2213 Cel.Lcl1mann11s‚
1455 2159 1669 2215 Vogelius
1704 2164 1747 2197 et
1780 2155 1892 2196 Ban-

291 2238 384 2267 mer
420 2224 692 2267 Schoerlumv
722 2236 764 2266 et
799 2224 1003 2279 Spumam
1049 2224 1139 2278 lupi
1183 2237 1264 2278 pro
1308 2238 1395 2266 vno
1429 2226 1670 2276 codemque
1707 2232 1891 2275 corpore

293 2290 467 2334 habent.
551 2289 718 2332 Primus
763 2289 893 2332 refert
937 2302 1036 2331 enm
1080 2289 1129 2331 ad
1176 2290 1357 2332 mineras
1404 2290 1536 2343 ferri,
1587 2285 1807 2329 vindicans
1851 2284 1890 2328 ei

1776 2362 1888 2405 prae-
