2007 2702
256 202 312 239 32
781 178 1329 226 .HIST01RE·.

452 302 711 342 Litterarum
760 305 803 338 et
837 296 1065 353 scripturae
1104 295 1364 342 Zireno'rum
1398 300 1544 341 auctor
1580 300 1660 342 fuit
1690 299 1863 343 Sanc'tus

253 366 524 422 Stephanus,
562 366 666 406 olim
694 376 880 417 magnae
906 363 1110 405 -Permiae
1146 364 1403 418 Episcopus.
1472 365 1629 411 ’Natus
1667 366 1740 419 ille
1766 374 1865 420 -era5

257 433 368 474 circa
403 422 571 472 initium
610 428 752 471 Seculi
787 426 912 471 XIV„
948 424 992 468 in
1025 428 1132 473 ⁴³ere
1165 428 1328 483 Ustiug.
1396 426 1567 472 Patrem
1605 430 1755 472 habuit
1789 430 1865 473 Se-

257 498 466 547 mionem,
487 492 702 536 Ecclesiae
739 491 992 533 cathedralis
1031 492 1224 534 eiusdem
1259 492 1374 534 vrbis
1414 491 1647 547 clericum,
1683 504 1864 536 matrem

255 575 361 602 vero
397 560 594 600 Mariam.
663 557 706 598 A
742 565 885 597 tenera
922 554 1056 597 aetate
1092 558 1283 599 eruditus
1319 548 1471 598 litteris
1509 557 1766 610 slavonicis,
1803 559 1865 599 fe-

255 628 416 679 licique
451 623 664 678 praeditus
704 621 930 672 memonia,
953 621 1174 675 ingenium
1208 623 1327 663 suum
1349 622 1501 664 affidua
1520 615 1704 663 lectione
1725 623 1867 678 Scrip-

256 701 372 732 turae
409 689 560 732 Sacrae
597 696 641 728 et
674 686 887 726 librorum
922 686 1223 739 liturgicorum
1261 685 1472 737 excoluit,
1507 686 1726 739 vitamque
1750 687 1867 731 seeu-

254 755 385 796 larem
424 752 621 806 respuens
659 750 931 791 monasticam
970 750 1136 803 elegit,
1180 760 1223 791 et
1258 749 1486 790 Rostoviae
1530 750 1574 789 in
1609 750 1865 792 monasterio

252 820 316 862 St.
356 817 554 870 Gregorii
605 813 832 866 Theologi
884 813 1088 866 religioso
1134 813 1276 853 ordini
1312 813 1500 854 initiatus
1538 807 1629 854 erat
1662 827 1740 867 per
1774 813 1868 855 Ab·

255 884 397 924 batem
449 880 728 930 Maximum,
780 885 953 918 tenente
1009 885 1109 916 tunc
1161 875 1305 917 sedem
1342 876 1629 930 episcopalem
1665 877 1866 928 Arsenio,

254 948 320 989 Ibi
357 947 407 987 ab
444 943 645 985 omnibus
682 941 794 982 curis
831 940 942 979 liber
976 939 1234 993 veniamque
1257 939 1568 982 bibliothecam
1591 943 1867 984 monasticam

254 1021 297 1053 et
333 1009 637 1065 episcopalem,
674 1018 754 1060 pro
791 1014 988 1060 tempore
1025 1004 1084 1045 sat
1119 1003 1228 1045 bene
1263 1005 1520 1058 instructam,
1544 1006 1729 1047 adeundi
1763 1011 1867 1048 con-¹

256 1077 452 1125 secutus,
489 1081 630 1112 totum
666 1071 706 1110 se
741 1068 964 1124 praecibus
1003 1081 1049 1109 ac
1085 1068 1237 1109 litteris
1277 1069 1484 1117 tradidit;
1522 1070 1713 1124 linguam
1749 1084 1869 1126 grae-

259 1151 354 1181 cam
407 1137 586 1192 proprio
640 1143 773 1176 marte
808 1133 883 1174 fibi
920 1133 1171 1174 familiarem
1207 1132 1412 1184 reddidit,
1450 1142 1494 1174 et
1528 1135 1647 1175 omni
1685 1148 1784 1177 cura
1819 1148 1869 1177 ac

257 1203 427 1245 solertia
461 1202 651 1256 linguam
689 1197 931 1240 Zirenicam
967 1197 1177 1250 excoluit,
1214 1197 1333 1238 cuius
1369 1196 1520 1251 primis
1559 1197 1867 1254 fundamentis,

257 1269 358 1310 dum
395 1269 437 1307 in
473 1266 577 1306 vrbe
612 1264 772 1319 patria,
819 1276 926 1318 quae
962 1263 1101 1304 vicina
1137 1262 1193 1302 est
1230 1262 1448 1303 territorio
1483 1262 1677 1304 Permiae
1699 1294 1711 1317 ,
1747 1264 1869 1306 vive-

254 1343 336 1383 ret,
374 1331 586 1372 imbutum
626 1329 741 1370 fuifl'e
777 1327 1003 1368 verisimile
1040 1327 1224 1368 videtur.
1295 1327 1389 1368 Hac
1426 1328 1468 1368 in
1505 1340 1551 1368 re
1588 1327 1754 1370 secutus
1780 1337 1870 1371 erat

256 1398 505 1451 exemplum
543 1395 603 1437 St.
644 1393 908 1436 Constantini
945 1391 1150 1446 Episcopi
1185 1392 1424 1445 Mora-viae,
1468 1392 1539 1447 qui
1576 1392 1738 1434 litteras
1775 1394 1868 1436 Sla-

256 1462 432 1503 vonicas
480 1459 637 1502 Seculo
674 1458 748 1499 IX.
801 1457 965 1498 inuenit
1001 1467 1043 1497 et
1079 1457 1214 1498 sacros
1253 1457 1425 1498 codices
1464 1457 1504 1498 in
1543 1457 1733 1512 linguam
1772 1457 1864 1500 Sla-

255 1527 472 1576 vonicam,
509 1525 731 1565 adiuvante
768 1522 894 1563 fratre
931 1531 973 1562 et
1005 1521 1147 1576 postea
1183 1522 1413 1563 successore
1449 1522 1575 1577 ipsius
1611 1523 1655 1563 in
1685 1522 1867 1579 Episco-

255 1602 357 1647 patu
392 1588 647 1641 Methodio,
683 1586 912 1628 transtulit.

451 1717 564 1756 Mox
601 1716 691 1769 post
727 1715 936 1756 dcceffum
975 1712 1035 1755 St.
1072 1713 1219 1755 Alexii
1256 1714 1567 1769 Metropolitae
1606 1715 1736 1756 totius
1756 1716 1867 1756 Ros-

258 1784 370 1834 ssae,
407 1782 477 1836 qui
516 1793 626 1820 anno
668 1789 784 1830 1378
823 1778 1039 1830 contigit,
1076 1778 1266 1817 sacerdos
1306 1778 1434 1818 factus
1472 1778 1552 1829 est,
1591 1779 1865 1820 consecrante

259 1847 395 1901 ipsum
433 1845 614 1886 Erastno
651 1843 870 1896 Episcopo
907 1840 1202 1882 Colomncnsi.
1267 1841 1355 1892 Jam
1385 1841 1610 1895 presbyter
1634 1843 1866 1898 etlinguae

260 1925 305 1953 ac
344 1911 570 1964 scripturae
609 1906 828 1948 Zirenicae
864 1906 1042 1961 peritus,
1079 1918 1235 1959 magno
1272 1906 1475 1959 flagrabat
1511 1906 1718 1948 desiderio
1762 1921 1867 1962 pro-

258 1975 441 2031 pagandi
478 1974 653 2015 verbum
693 1973 886 2013 diuinum
924 1971 1033 2011 inter
1069 1979 1216 2023 gentes
1246 1969 1459 2012 Permicas
1489 1971 1759 2014 idololatriae
1796 1973 1868 2013 ad·

262 2041 404 2080 dietas.
492 2039 613 2079 Hanc
651 2037 763 2077 suam
801 2045 989 2076 mentem
1026 2035 1190 2089 aperuit
1224 2044 1346 2076 antea
1383 2036 1605 2078 nominato
1642 2035 1863 2090 Episcopo

264 2103 542 2146 Colomnenfi
573 2101 772 2152 Erasmo,
817 2102 888 2153 qui
926 2110 1026 2141 tunc
1061 2100 1176 2139 vices
1196 2098 1506 2155 Metropolitae
1542 2101 1752 2142 Moscuae
1789 2113 1864 2154 ge·

263 2169 404 2216 rebat3
440 2181 461 2208 a
491 2180 577 2220 quo
616 2167 824 2218 laudatus,
860 2165 901 2205 in
940 2166 1113 2219 incepto
1136 2164 1412 2207 confirmatus
1433 2175 1477 2208 et
1498 2165 1792 2207 benedictione
1816 2177 1862 2205 ac

263 2233 415 2273 litteris
453 2232 741 2284 mandatoque
778 2231 966 2271 munitus
1004 2229 1147 2270 omnia
1184 2228 1403 2284 obtinuit,
1457 2243 1562 2284 quae
1617 2231 1666 2271 ad
1722 2228 1866 2271 consa-

268 2298 441 2339 crandas
491 2297 785 2350 ornandasque
840 2294 1034 2337 ecclesias
1073 2293 1295 2338 ncccffa'ria
1332 2298 1455 2348 sunt,
1510 2294 1627 2336 sedes
1681 2292 1866 2335 Zireno-

1764 2369 1859 2399 rum
