2007 2702
789 179 942 194 -—
977 161 1137 219 (2⁵2)
1172 178 1323 204 π

450 280 582 335 Quod
626 277 756 333 igitur
791 278 1028 326 Schoerlos
1068 278 1268 325 Celeber.
1305 277 1479 322 Ferberi
1512 279 1782 337 aliorumque
1816 282 1860 325 in

254 346 383 390 Lanis
421 354 697 386 occurrentes
735 344 919 396 attinet,
965 345 1108 399 plures
1145 359 1299 388 eorum
1336 345 1454 386 dubii
1489 345 1594 385 mihi
1629 349 1862 403 videntur,

257 422 300 452 et
335 410 519 452 celeber.
558 409 716 451 Ferber
750 409 838 464 ipse
877 409 974 451 talia
1011 409 1217 462 Crystalla
1251 411 1370 466 saepe
1407 423 1493 451 non
1530 410 1652 463 plane
1680 413 1865 455 Schoer-

256 477 321 516 los
344 505 357 528 ‚
411 475 479 515 sed
525 473 739 516 Schoerlo
775 474 924 515 fimilia
960 475 1040 515 effe
1079 476 1196 516 dicit.
1283 477 1383 518 Huc
1419 475 1635 529 peitinent
1671 475 1865 519 Schoerli

258 541 348 580 cius
403 538 650 594 graminosi,
702 539 946 594 polyedrici
993 549 1036 580 et
1071 540 1295 595 squamosi.
1383 539 1512 581 Certe
1550 540 1750 582 Schoerli
1783 542 1867 584 albi

255 618 400 646 nonne
437 605 488 646 ad
525 602 760 645 Zeolithen
798 605 942 658 potius
979 605 1195 646 referendi
1230 603 1339 646 sint?
1396 605 1527 659 Quod
1576 614 1717 645 tamen
1753 616 1870 659 ego,

256 683 355 711 cum
393 669 477 724 ipse
514 682 589 710 eos
627 682 863 722 numquam
901 669 1006 720 vidi,
1025 669 1149 722 plane
1185 670 1394 711 affirmare
1431 683 1518 710 non
1540 670 1697 720 audeo,
1729 681 1877 723 quam-

255 738 321 776 vis
359 734 591 788 plerosque
629 732 864 774 Schoerlos
910 733 1064 785 albos,
1116 735 1360 787 praesertim
1407 743 1549 774 antem
1595 733 1873 787 pellucidos‚

258 799 455 847 crystallo
510 808 737 838 montanae
790 796 945 836 ssmiles
983 810 1003 837 a
1039 795 1236 850 Sazgfficrl'i
1280 798 1434 839 dubios
1472 799 1577 840 mihi
1615 799 1751 840 videri
1787 811 1876 840 non

258 863 522 917 negauerim.
607 860 859 902 Nonnullos
906 874 1056 902 eorum
1102 862 1145 901 in
1181 863 1512 917 proprietatibus
1550 876 1624 918 per
1661 865 1875 911 chemiam

260 926 510 980 detegendis
549 939 571 967 a
606 938 711 966 vero
756 925 973 977 Schoerlor
1016 926 1220 981 differre,
1272 929 1566 982 experimenta
1613 928 1875 984 Bergmanni

261 1001 304 1033 et
341 990 570 1046 Claprothi
606 990 824 1032 euincunt.

458 1088 616 1144 Neque
653 1102 702 1130 ea
741 1087 946 1141 Crystalla
984 1090 1213 1144 granatica,
1252 1101 1357 1142 quae
1395 1090 1575 1131 formam
1598 1091 1733 1131 crucis
1757 1103 1880 1144 prae-

263 1154 366 1194 bent
401 1162 444 1194 et
478 1154 519 1193 in
559 1153 696 1196 Gallia
732 1152 888 1195 Macles
923 1165 1133 1196 vocantur
1169 1154 1253 1195 huc
1289 1155 1379 1195 iure
1417 1156 1669 1197 collocanda
1701 1155 1779 1207 esse
1814 1155 1882 1196 iu·

264 1219 397 1269 dien,
455 1219 552 1272 qnia
589 1219 790 1258 duritiem
827 1227 870 1258 et
906 1219 1103 1259 colorem
1139 1232 1226 1260 non
1264 1218 1460 1261 Schoerli
1498 1221 1567 1261 sed
1606 1230 1880 1274 granatorum

262 1282 465 1333 habeant,
503 1281 629 1322 nullis
670 1282 773 1322 striis
811 1282 889 1322 fint
924 1283 1076 1333 αἱῖοᾶἱ,
1113 1291 1155 1323 et
1190 1282 1446 1338 plerumque
1468 1287 1528 1326 vti
1552 1296 1880 1341 nonnumquam

264 1345 500 1400 Granates‚
535 1346 655 1387 Mica
690 1356 889 1400 argentea
925 1347 1109 1388 obdue⁷ta
1144 1348 1423 1401 reperiantur.

458 1441 594 1484 Dubii
642 1444 770 1484 etiam
814 1443 1017 1485 videntur
1053 1444 1159 1485 mihi
1195 1443 1257 1484 illi
1294 1443 1434 1484 cubici
1472 1445 1523 1485 de
1560 1458 1752 1499 auroque
1788 1458 1884 1499 par-

267 1507 489 1561 ticipantes
529 1507 762 1561 Schoerli,
814 1509 886 1562 qui
921 1508 995 1549 sub
1033 1509 1118 1550 hoc
1155 1510 1330 1549 nomine
1367 1510 1408 1548 in
1444 1511 1564 1550 venis
1604 1508 1883 1551 Catharinae·

266 1572 471 1627 politanis
507 1573 714 1626 veniunt,
749 1582 791 1614 et
827 1573 976 1614 colore
1014 1574 1242 1628 nitoreque
1280 1574 1577 1615 Haemathitae
1614 1574 1797 1626 fimiles,
1833 1573 1883 1615 ab

268 1638 472 1678 imm-iore
508 1650 611 1679 vero
647 1647 765 1691 parte
804 1638 1051 1679 foraminofi
1087 1639 1204 1690 sunt7
1241 1639 1395 1680 duritie
1434 1639 1628 1690 minore,
1665 1638 1772 1680 facie
1809 1638 1883 1679 sub

270 1702 449 1743 fractura
486 1715 571 1743 non
608 1704 742 1744 vitrea
778 1702 848 1743 scd
886 1713 1021 1744 terrea
1057 1704 1219 1757 potins,
1257 1717 1396 1758 neque
1433 1704 1517 1744 vlla
1550 1703 1886 1758 semipellucidi-

269 1774 353 1806 tate
391 1767 583 1819 praediti.
655 1766 766 1808 Cum
805 1767 1022 1809 Schoerlis
1061 1768 1103 1808 id
1139 1769 1189 1809 iis
1228 1779 1390 1809 tantum
1412 1782 1642 1810 commune
1664 1769 1736 1823 est,
1768 1768 1884 1824 quod

269 1843 346 1884 per
381 1831 699 1884 longitudinem
736 1831 793 1870 sui
831 1831 953 1871 striati
991 1844 1231 1874 occurrant.

468 1927 530 1968 At
566 1928 870 1968 Turmalinum
908 1929 948 1969 vi
987 1939 1149 1970 tantum
1187 1930 1379 1972 cleers-ica
1418 1945 1436 1971 a
1467 1930 1679 1972 Schoerlo
1716 1928 1885 1970 differre

274 1992 420 2032 iudico
458 2002 501 2032 ct
536 1993 585 2032 ad
625 1992 857 2033 Schocrlos
895 1995 1125 2035 iecnndum
1164 1996 1290 2047 idque
1330 1996 1587 2049 principium
1614 1996 1882 2036 referendum

277 2057 389 2109 csse,
444 2056 675 2098 secundum
724 2060 839 2111 quod
887 2057 1086 2099 Celeber.
1125 2061 1333 2101 limnaeus
1372 2059 1521 2102 Rujum
1555 2061 1795 2115 torpedinem
1830 2055 1879 2096 ad

279 2121 377 2162 alias
414 2120 545 2162 Raias
582 2122 743 2174 retulit,
781 2136 859 2163 nec
896 2123 946 2163 ab
984 2125 1032 2165 iis
1072 2126 1264 2166 secreuit.

471 2218 563 2259 Pari
619 2221 753 2260 modo
805 2229 848 2260 et
901 2220 1122 2271 Beryllnm
1177 2223 1328 2263 multas
1384 2233 1502 2265 notas
1547 2230 1738 2262 externas
1786 2228 1886 2258 cum

282 2278 493 2322 Schoerlo
529 2296 781 2327 communes
820 2285 975 2326 habere
1014 2299 1177 2330 certum
1214 2289 1298 2341 cst,
1334 2302 1418 2329 non
1456 2288 1618 2342 possum
1657 2294 1794 2323 tamen
1833 2281 1886 2320 il-

1799 2345 1883 2386 lam
