2007 2702
634 227 1165 275 HISTOIRE.
1630 229 1686 277 ⁶9

103 348 317 402 insigniter
352 343 562 387 debilitari
597 344 881 385 conciuditur.
967 341 1138 384 Sciendi
1176 338 1378 394 cupidus,
1435 350 1521 393 quo
1564 339 1687 394 padio

104 426 170 454 res
208 413 310 454 haec
346 412 384 451 se
421 411 597 461 habeat,
631 408 820 463 pericula
855 406 1069 460 sequentia
1104 404 1291 458 suscepi:
1369 414 1372 416 ’

130 557 138 562 1
296 507 357 560 1.)
425 505 561 546 Aceti'
586 504 673 545 vini
710 504 828 544 crudi
862 503 995 544 vnciis
1038 514 1092 539 12
1124 500 1402 560 destiiiatione
1437 500 1535 553 igne
1572 497 1691 539 blan-

105 572 161 612 do
199 572 249 612 ad
285 571 513 611 ficcitatem
548 575 682 622 Vsque
726 569 951 614 euocatis3
1004 565 1254 619 grauitatem
1300 563 1538 617 specificam
1583 563 1692 603 aceti

106 636 231 676 huius
277 634 498 685 destinati,
554 634 669 686 quod
706 631 848 672 vneias
899 642 949 667 11
992 641 1088 669 cum
1125 629 1355 679 drachmis
1384 631 1411 664 6
1446 626 1695 680 pendebat,

106 702 156 740 ad
194 711 343 750 aquam
377 697 521 737 inueni
557 705 603 736 vt
641 704 756 740 1008
797 696 847 737 ad
889 706 1028 742 10003
1066 692 1363 733 fortitudinem
1396 703 1500 731 vero
1537 706 1567 740 4
1602 704 1694 745 gra-

108 763 255 802 duum.

305 857 365 909 2.)
401 857 593 897 eiusdem
630 855 735 897 aceti
773 853 891 894 crudi
932 865 986 890 12
1022 852 1156 891 vnciis
1192 851 1314 904 super
1350 850 1571 905 aequalem
1608 862 1699 891 car-

108 921 269 961 bonum
304 921 494 972 pulueris
517 921 791 971 quantitatem
829 919 876 956 ad
915 916 1142 955 ficcitatem
1172 926 1318 967 vsque·
1345 915 1566 966 abstraetis,
1603 927 1697 955 ace-

109 993 199 1024 tum
235 982 402 1023 obtinui
440 983 691 1022 destinatum
728 981 863 1020 odore
903 979 1074 1031 quiden]
1112 978 1402 1030 puriffimum,
1443 978 1512 1018 sed
1549 979 1697 1018 admo-

110 1048 210 1087 dum
247 1047 413 1098 debile,
467 1046 585 1086 cuius
623 1044 805 1098 grauitas
843 1042 1035 1095 specifica
1072 1041 1150 1081 fuit
1191 1053 1311 1090 1004
1345 1050 1387 1080 et
1422 1040 1631 1082 fortitudo
1673 1053 1696 1078 2

107 1111 411 1152 tantummodo
447 1110 668 1162 graduum.
737 1106 931 1147 Maxime
968 1115 1108 1146 autem
1145 1114 1290 1144 notatu
1330 1104 1505 1157 dignum
1541 1105 1618 1144 hac
1655 1105 1699 1145 in

110 1175 387 1215 destillatione
431 1173 471 1213 id
519 1182 637 1224 erat,
691 1172 806 1225 quod
857 1182 1078 1210 remanens
1125 1168 1357 1209 carbonum
1409 1168 1549 1221 puluis
1600 1169 1700 1221 igne

110 1247 258 1292 aperto
280 1237 731 1289 vehementissimoque
760 1234 1002 1275 drachmam
1024 1245 1149 1273 vnam
1184 1232 1323 1273 adhuc
1358 1232 1614 1285 largiebatur
1642 1232 1702 1273 al-

113 1303 279 1342 coholis
317 1301 421 1342 aceti
460 1299 845 1353 concentratiffimi5
879 1298 1026 1340 odoris
1062 1297 1263 1352 puriffimi
1306 1296 1517 1351 nulloque
1551 1309 1701 1352 empy-

113 1377 300 1407 reumate
335 1365 559 1419 inquinati.

307 1462 381 1515 3.)
465 1461 601 1504 Porro
652 1475 705 1500 12
749 1460 856 1503 aceti
903 1458 1021 1502 crudi
1064 1457 1205 1501 vncias
1252 1455 1375 1513 super
1418 1470 1545 1499 Vnam
1596 1458 1702 1501 dun-

114 1534 228 1568 taxat
287 1527 519 1566 carbonum
572 1527 758 1580 pulueris
810 1526 975 1566 vnciam
1033 1523 1311 1565 destillatione
1364 1523 1412 1563 ad
1473 1522 1700 1563 ficcitatem

115 1591 315 1640 euocaui‚
353 1604 456 1642 quae
477 1604 524 1631 ea
551 1592 606 1631 est
645 1591 883 1643 quantitatis
922 1589 1155 1629 carbonum
1190 1586 1442 1640 proporti0,
1483 1599 1562 1637 qua
1599 1599 1703 1626 con-

116 1653 236 1692 tinuo
263 1653 428 1704 optimo
464 1668 559 1692 cuin
599 1654 776 1692 successu
815 1663 932 1702 v„stoi-7
972 1651 1306 1705 quotiescunque
1342 1649 1570 1701 largiorem
1608 1663 1705 1691 ace-

116 1716 146 1754 ti
185 1715 457 1766 quantitatem
497 1716 762 1756 destillationi
807 1715 997 1755 subiicio.
1065 1714 1193 1754 Aceti
1229 1713 1353 1752 huius
1391 1712 1581 1753 destillati
1618 1723 1705 1755 tam-

114 1779 293 1831 grauitas
338 1779 561 1830 specifica,
618 1792 740 1832 quam
787 1779 994 1818 fortitudo
1038 1785 1229 1817 accurate
1275 1776 1446 1815 fuerunt
1496 1778 1669 1818 eaedem
1689 1807 1706 1831 7

118 1842 268 1893 qmbus
306 1850 469 1882 acetum
508 1843 590 1883 fine
628 1842 859 1883 carbonum
896 1843 1184 1882 additamento
1220 1839 1472 1881 destinatum
1518 1840 1590 1892 (n.
1632 1843 1707 1897 1.)

117 1905 351 1957 gaudebat,
388 1907 429 1945 h.
467 1919 504 1946 e.
547 1917 680 1951 1008.
717 1917 758 1946 et
794 1921 825 1957 4
858 1906 1077 1959 graduum.

310 1997 344 2050 ᾗ.
385 2013 456 2049 39.
525 2002 594 2043 Ex
629 2001 928 2043 tentaminibus
967 1999 1100 2041 modo
1136 1999 1336 2053 expofitis
1392 1997 1456 2052 (§.
1496 1999 1604 2052 38.)
1639 2002 1704 2042 vi-

118 2060 218 2100 dere
255 2062 333 2111 est,
371 2065 574 2105 carbones
610 2067 697 2106 vim
736 2080 934 2107 exercere
972 2064 1282 2106 destrucstricem
1328 2066 1369 2103 in
1406 2075 1571 2103 acetum
1608 2078 1705 2118 per-

118 2124 215 2164 inde
253 2140 297 2166 ac
335 2127 373 2165 in
414 2128 600 2179 fidi-inim
638 2132 879 2182 ardentem,
916 2130 943 2169 fi
978 2129 1179 2170 nimirum
1215 2128 1444 2168 admodum
1481 2127 1595 2181 larga
1630 2142 1706 2171 eo-

117 2200 211 2227 rum
251 2191 474 2232 adhibetur
512 2195 731 2246 quantitas.
814 2195 968 2245 Vnde,
1022 2205 1127 2247 quae
1173 2190 1292 2244 supra
1329 2190 1362 2243 §.
1401 2193 1472 2238 36·
1517 2193 1568 2232 de
1605 2193 1705 2235 iusta

119 2251 306 2303 pulueris
344 2255 574 2296 carbonum
615 2259 841 2310 quantitate
879 2267 1067 2299 cremato
1103 2256 1295 2297 addenda
1338 2256 1522 2309 monui,
1576 2257 1704 2300 ctiam

119 2312 189 2354 hic
227 2319 363 2360 valere
399 2320 490 2361 iure
531 2321 737 2362 xideiltur.

881 2385 896 2424 i
932 2395 957 2433 3
1610 2384 1708 2426 Aci·
