2007 2702
853 214 1005 242 22=
1039 200 1192 257 (228)
1227 215 1379 230 μ·-

312 317 529 374 superficie
566 325 813 370 occupant,
849 330 904 359 ex
938 319 1081 373 pontis
1119 318 1297 371 regione
1334 315 1586 370 produdiaffi
1621 318 1668 372 a>
1707 332 1810 373 quae
1848 319 1910 360 se-

312 385 384 423 des
422 382 622 422 fibrarum
659 382 820 421 ordinis
859 385 970 423 tertii
1006 385 1048 423 in
1086 384 1209 423 strato
1246 390 1427 421 externo
1465 379 1613 421 fuerat.
1669 384 1759 423 Hae
1798 384 1908 424 circa

312 446 546 499 marginem
600 445 734 486 flexae
778 447 821 486 in
865 448 1060 488 inferiori
1115 446 1335 501 superficie
1389 445 1498 485 resta
1543 444 1806 487 transuerfim
1858 447 1909 488 ad

308 510 445 551 stri-am
482 520 715 550 excurrunt
749 508 811 564 b).
872 510 1075 565 Denique
1113 524 1218 564 quae
1255 511 1297 550 in
1333 519 1510 562 Vtraque
1549 508 1763 563 superficie
1799 512 1911 552 circa

310 575 475 628 apicem
512 574 728 615 versantur
750 604 763 627 ‚
816 575 1038 617 manifesto
1074 576 1252 630 oblique
1298 575 1527 615 ascendunt
1561 576 1636 626 c).
1705 574 1766 615 Vt
1801 575 1912 616 obli-

310 652 392 692 que
429 638 732 679 adscendentes
770 652 908 693 ergo,
943 640 1247 681 descendentes
1285 639 1496 691 oblique,
1540 648 1582 678 et
1627 640 1911 691 mansuer-sm,

306 702 349 743 in
385 712 563 755 vtraque
601 702 822 756 superficie
858 703 1050 752 habeas3
1102 714 1148 744 vt
1182 703 1304 756 saepe
1326 732 1339 754 ‚
1385 715 1490 755 quae
1529 702 1570 742 in
1610 702 1814 756 superiori
1850 702 1914 743 su·

308 766 485 820 perficie
523 767 815 818 transuersae,
850 778 922 808 aut
958 767 1045 808 fere
1082 767 1371 818 transuersae,
1408 766 1590 819 fuerint,
1627 766 1804 820 oblique
1842 767 1915 807 de-

306 830 507 870 scendmt
557 831 600 869 in
653 829 884 882 inferiori,
943 839 986 870 et
1029 830 1297 871 transuerfim
1351 841 1498 872 contia
1552 828 1914 886 progrediantur,

306 906 413 948 quae
451 893 629 948 oblique
668 893 971 936 descenderant
1005 894 1049 935 in
1085 894 1295 950 superiori
1329 894 1567 951 superficie.

398 1002 624 1056 Progreffiti
661 1013 697 1044 et
731 1004 938 1046 direfft‘ioni
959 1004 1162 1057 fibrarum
1198 1005 1236 1046 in
1259 1004 1392 1059 strato
1429 1014 1590 1046 externo
1627 1003 1835 1057 analogus.

502 1094 710 1150 Quamuis
749 1104 892 1137 autem
929 1096 1090 1151 absque
1126 1095 1219 1136 vllo
1255 1095 1406 1136 ordine
1443 1096 1583 1149 primo
1620 1096 1806 1150 aspeeiu,
1843 1104 1919 1137 aut

306 1160 403 1214 lege
425 1188 438 1212 ‚
491 1161 696 1213 progredi
743 1160 822 1201 hae
858 1160 989 1202 fibrae
1026 1170 1069 1201 et
1106 1160 1252 1200 duciae
1288 1160 1367 1200 else
1403 1161 1660 1209 videantur,·
1706 1173 1800 1200 -non
1837 1160 1917 1199 mi-

306 1237 386 1266 nus
436 1233 577 1263 tamen
622 1223 721 1263 ideo
766 1225 971 1276 analogus
1008 1233 1051 1263 et
1088 1222 1325 1264 conformis
1363 1224 1419 1265 est
1457 1225 1604 1265 dacius
1651 1237 1795 1265 earum
1840 1225 1917 1263 du-

308 1288 392 1328 ‹stui
428 1286 631 1326 fibrarum
668 1295 979 1339 externarum,
1027 1300 1153 1344 quam
1191 1282 1405 1340 dispositio
1443 1299 1719 1343 vtrarumque
1755 1287 1830 1328 fibi
1866 1287 1916 1327 fi-

306 1351 422 1392 milis
459 1351 647 1390 inuicem
685 1350 787 1398 fuit5
825 1360 871 1390 vt
909 1361 1114 1404 quantum
1150 1351 1190 1391 in
1227 1365 1334 1402 vna,
1373 1361 1533 1392 tantum
1571 1362 1613 1392 et
1646 1353 1690 1392 in
1730 1364 1918 1406 quacun-

311 1427 394 1467 que
433 1413 560 1454 altera
604 1413 699 1454 sede
743 1414 813 1455 vel
858 1415 1097 1455 transuerso
1141 1414 1211 1454 vel
1253 1415 1430 1468 oblique
1467 1415 1735 1456 adscendenti
1772 1415 1914 1457 duc‘iui

307 1478 352 1519 in
388 1477 512 1518 strato
549 1477 735 1518 secundo
772 1478 902 1519 fibrae
939 1478 1016 1518 fint
1049 1478 1278 1532 propiores
1318 1490 1443 1530 quam
1479 1480 1522 1518 in
1558 1489 1752 1520 externo.
1792 1479 1913 1533 Quae

307 1551 474 1597 partem
510 1542 739 1583 ventriculi
783 1543 1062 1597 posteriorem
1107 1543 1156 1583 ad
1204 1541 1313 1582 basin
1358 1541 1400 1582 in
1445 1541 1664 1596 superficie
1707 1542 1914 1596 superiori

309 1615 525 1660 occupant
559 1605 691 1646 fibrae
727 1607 809 1660 d),
845 1608 953 1648 adeo
990 1619 1138 1661 parum
1176 1605 1469 1658 descendunt,
1519 1617 1565 1646 vt
1600 1606 1743 1659 potius
1780 1615 1913 1647 trans-

307 1670 449 1710 versae
488 1670 568 1710 esse
595 1671 832 1711 videantur.
884 1671 1055 1712 Deinde
1092 1663 1221 1711 fibrae
1258 1671 1432 1710 eaedem
1468 1670 1716 1711 inferiorem
1752 1671 1916 1724 ingres-

307 1733 373 1774 sae
419 1733 685 1787 superficiem
727 1735 802 1788 e),
854 1735 1072 1788 insigniter
1116 1734 1293 1789 oblique
1341 1735 1612 1775 descendunt.
1697 1735 1780 1776 Sed
1823 1734 1914 1788 pari

308 1797 475 1837 ratione
513 1795 668 1848 funes,
706 1799 778 1851 qui
813 1798 959 1839 locum
998 1812 1141 1839 earum
1180 1800 1222 1839 in
1258 1798 1382 1839 strato
1419 1809 1600 1840 externo
1638 1807 1819 1849 tenent,
1856 1798 1914 1839 ita

309 1861 488 1913 oblique
526 1858 786 1902 descendunt
819 1862 862 1902 in
899 1862 1104 1916 superiori
1141 1861 1393 1916 superficie⁷
1443 1873 1491 1903 vt
1525 1863 1769 1904 transueisis
1812 1874 1916 1916 pro·

309 1925 456 1984 pieres
492 1922 568 1964 fint
593 1922 663 1980 s).
730 1925 821 1967 Vbi
855 1926 907 1967 ad
943 1927 1179 1981 marginem
1214 1927 1506 1982 perueniunt,
1559 1926 1910 1982 superficiemque

1769 1992 1908 2044 ingre·

384 2128 424 2177 α)
454 2129 651 2167 Tab.vl1.
680 2145 705 2167 e.
735 2143 783 2176 34.
810 2140 861 2176 38.
887 2145 940 2179 39.

387 2179 425 2225 b)
455 2181 630 2220 Tab.1X
659 2193 691 2225 4.
721 2195 759 2219 11.

454 2231 716 2275 Tab.Vll.41
747 2245 801 2275 4²-
830 2245 882 2276 43
912 2245 965 2277 44.
991 2247 1039 2282 45.
1066 2242 1121 2279 48.
1175 2234 1266 2273 Tab.
1286 2237 1348 2273 IX.
1377 2246 1422 2280 14.
1456 2246 1511 2282 19.
1538 2236 1585 2271 16
1614 2242 1659 2273 17·
1691 2240 1743 2274 Ῑ9
1773 2238 1822 2272 24·
1851 2238 1902 2264 22·

455 2280 541 2314 ‘Iab.
573 2283 646 2316 VII.
678 2285 721 2317 G.
750 2282 786 2317 E.
814 2284 857 2321 H.
884 2290 936 2325 28.

382 2330 424 2372 l)
452 2327 538 2363 Tab.
568 2332 628 2365 lx.
656 2345 686 2378 p.
718 2345 751 2366 x.

374 2378 425 2426 s)
451 2377 537 2413 Tab.
567 2378 621 2413 lv.
651 2383 707 2417 60.
734 2384 788 2427 64.
816 2395 869 2430 52.
896 2397 948 2432 54.
977 2397 1029 2430 47.
