<?xml version="1.0" encoding="UTF-8"?>
<!DOCTYPE html PUBLIC "-//W3C//DTD XHTML 1.0 Transitional//EN"
    "http://www.w3.org/TR/xhtml1/DTD/xhtml1-transitional.dtd">
<html xmlns="http://www.w3.org/1999/xhtml" xml:lang="en" lang="en">
 <head>
  <title>
</title>
<meta http-equiv="Content-Type" content="text/html;charset=utf-8" />
  <meta name='ocr-system' content='tesseract 3.04.00' />
  <meta name='ocr-capabilities' content='ocr_page ocr_carea ocr_par ocr_line ocrx_word'/>
</head>
<body>
  <div class='ocr_page' id='page_1' title='image "./novaactaacademia06impe_0400.png"; bbox 0 0 2007 2702; ppageno 0'>
   <div class='ocr_carea' id='block_1_1' title="bbox 819 177 1350 236">
    <p class='ocr_par' dir='ltr' id='par_1_1' title="bbox 819 177 1350 236">
     <span class='ocr_line' id='line_1_1' title="bbox 819 177 1350 236; baseline -0.002 -17"><span class='ocrx_word' id='word_1_1' title='bbox 819 193 974 207; x_wconf 90' lang='grc'>--</span> <span class='ocrx_word' id='word_1_2' title='bbox 1007 177 1164 236; x_wconf 83' lang='lat'><em>(260)</em></span> <span class='ocrx_word' id='word_1_3' title='bbox 1197 193 1350 209; x_wconf 92' lang='lat'>--</span> 
     </span>
    </p>
   </div>
   <div class='ocr_carea' id='block_1_2' title="bbox 820 210 974 218">
    <p class='ocr_par' dir='ltr' id='par_1_2' title="bbox 820 210 974 218">
     <span class='ocr_line' id='line_1_2' title="bbox 820 210 974 218; baseline 0 0"><span class='ocrx_word' id='word_1_4' title='bbox 820 210 974 218; x_wconf 95' lang='lat' dir='ltr'> </span> 
     </span>
    </p>
   </div>
   <div class='ocr_carea' id='block_1_3' title="bbox 1198 209 1350 221">
    <p class='ocr_par' dir='ltr' id='par_1_3' title="bbox 1198 209 1350 221">
     <span class='ocr_line' id='line_1_3' title="bbox 1198 209 1350 221; baseline 0 2481"><span class='ocrx_word' id='word_1_5' title='bbox 1198 209 1350 221; x_wconf 95' lang='lat' dir='ltr'> </span> 
     </span>
    </p>
   </div>
   <div class='ocr_carea' id='block_1_4' title="bbox 270 293 1887 809">
    <p class='ocr_par' dir='ltr' id='par_1_4' title="bbox 270 293 1887 809">
     <span class='ocr_line' id='line_1_4' title="bbox 274 293 1883 351; baseline -0.002 -9"><span class='ocrx_word' id='word_1_6' title='bbox 274 298 438 342; x_wconf 86' lang='lat' dir='ltr'>culares</span> <span class='ocrx_word' id='word_1_7' title='bbox 473 303 704 351; x_wconf 81' lang='lat' dir='ltr'>penetrat,</span> <span class='ocrx_word' id='word_1_8' title='bbox 759 307 956 350; x_wconf 84' lang='lat' dir='ltr'>quaeque</span> <span class='ocrx_word' id='word_1_9' title='bbox 992 296 1202 335; x_wconf 87' lang='lat' dir='ltr'>inermem</span> <span class='ocrx_word' id='word_1_10' title='bbox 1240 293 1418 334; x_wconf 89' lang='lat' dir='ltr'>oculum</span> <span class='ocrx_word' id='word_1_11' title='bbox 1455 293 1594 349; x_wconf 83' lang='lat' dir='ltr'>fugit,</span> <span class='ocrx_word' id='word_1_12' title='bbox 1648 296 1883 338; x_wconf 87' lang='lat' dir='ltr'>microsco·</span> 
     </span>
     <span class='ocr_line' id='line_1_5' title="bbox 270 358 1883 420; baseline -0.001 -16"><span class='ocrx_word' id='word_1_13' title='bbox 270 366 346 420; x_wconf 90' lang='lat' dir='ltr'>pio</span> <span class='ocrx_word' id='word_1_14' title='bbox 384 364 472 402; x_wconf 88' lang='lat' dir='ltr'>sum</span> <span class='ocrx_word' id='word_1_15' title='bbox 509 361 774 415; x_wconf 86' lang='lat' dir='ltr'>prosecutus.</span> <span class='ocrx_word' id='word_1_16' title='bbox 844 360 1001 413; x_wconf 87' lang='lat' dir='ltr'>Neque</span> <span class='ocrx_word' id='word_1_17' title='bbox 1040 372 1135 400; x_wconf 86' lang='lat' dir='ltr'>eam</span> <span class='ocrx_word' id='word_1_18' title='bbox 1171 358 1381 413; x_wconf 72' lang='lat' dir='ltr'>neglexi,</span> <span class='ocrx_word' id='word_1_19' title='bbox 1420 371 1527 412; x_wconf 85' lang='lat' dir='ltr'>quae</span> <span class='ocrx_word' id='word_1_20' title='bbox 1564 373 1585 399; x_wconf 89' lang='lat' dir='ltr'>a</span> <span class='ocrx_word' id='word_1_21' title='bbox 1619 364 1780 416; x_wconf 85' lang='lat' dir='ltr'>maguis</span> <span class='ocrx_word' id='word_1_22' title='bbox 1818 375 1883 403; x_wconf 84' lang='lat' dir='ltr'>ar-</span> 
     </span>
     <span class='ocr_line' id='line_1_6' title="bbox 275 424 1884 479; baseline -0.002 -10"><span class='ocrx_word' id='word_1_23' title='bbox 275 429 392 469; x_wconf 90' lang='lat' dir='ltr'>teriis</span> <span class='ocrx_word' id='word_1_24' title='bbox 430 426 570 468; x_wconf 78' lang='lat' dir='ltr'>laxior</span> <span class='ocrx_word' id='word_1_25' title='bbox 605 425 754 467; x_wconf 87' lang='lat' dir='ltr'>senfim</span> <span class='ocrx_word' id='word_1_26' title='bbox 789 425 1024 478; x_wconf 83' lang='lat' dir='ltr'>sensimque</span> <span class='ocrx_word' id='word_1_27' title='bbox 1061 424 1180 477; x_wconf 78' lang='lat' dir='ltr'>abit,</span> <span class='ocrx_word' id='word_1_28' title='bbox 1224 438 1383 479; x_wconf 86' lang='lat' dir='ltr'>easque</span> <span class='ocrx_word' id='word_1_29' title='bbox 1420 435 1518 464; x_wconf 92' lang='lat' dir='ltr'>cum</span> <span class='ocrx_word' id='word_1_30' title='bbox 1554 425 1740 478; x_wconf 87' lang='lat' dir='ltr'>partibus</span> <span class='ocrx_word' id='word_1_31' title='bbox 1780 427 1884 467; x_wconf 86' lang='lat' dir='ltr'>vici-</span> 
     </span>
     <span class='ocr_line' id='line_1_7' title="bbox 270 489 1884 545; baseline -0.002 -11"><span class='ocrx_word' id='word_1_32' title='bbox 270 495 335 535; x_wconf 89' lang='lat' dir='ltr'>nis</span> <span class='ocrx_word' id='word_1_33' title='bbox 375 492 625 544; x_wconf 57' lang='lat' dir='ltr'>connectit,</span> <span class='ocrx_word' id='word_1_34' title='bbox 678 504 819 545; x_wconf 89' lang='lat' dir='ltr'>neque</span> <span class='ocrx_word' id='word_1_35' title='bbox 856 503 982 543; x_wconf 73' lang='lat' dir='ltr'>eam,</span> <span class='ocrx_word' id='word_1_36' title='bbox 1028 502 1108 543; x_wconf 84' lang='lat' dir='ltr'>qua</span> <span class='ocrx_word' id='word_1_37' title='bbox 1146 490 1312 530; x_wconf 83' lang='lat' dir='ltr'>tunicae</span> <span class='ocrx_word' id='word_1_38' title='bbox 1349 489 1560 530; x_wconf 87' lang='lat' dir='ltr'>viscerum</span> <span class='ocrx_word' id='word_1_39' title='bbox 1598 489 1884 531; x_wconf 87' lang='lat' dir='ltr'>tunicatorum</span> 
     </span>
     <span class='ocr_line' id='line_1_8' title="bbox 270 553 1882 608; baseline -0.001 -10"><span class='ocrx_word' id='word_1_40' title='bbox 270 559 382 598; x_wconf 88' lang='lat' dir='ltr'>inter</span> <span class='ocrx_word' id='word_1_41' title='bbox 425 556 464 598; x_wconf 91' lang='lat' dir='ltr'>se</span> <span class='ocrx_word' id='word_1_42' title='bbox 510 557 781 608; x_wconf 77' lang='lat' dir='ltr'>cohaerent,</span> <span class='ocrx_word' id='word_1_43' title='bbox 836 564 908 597; x_wconf 89' lang='lat' dir='ltr'>aut</span> <span class='ocrx_word' id='word_1_44' title='bbox 953 568 1036 608; x_wconf 88' lang='lat' dir='ltr'>qua</span> <span class='ocrx_word' id='word_1_45' title='bbox 1081 554 1352 596; x_wconf 79' lang='lat' dir='ltr'>membranae</span> <span class='ocrx_word' id='word_1_46' title='bbox 1391 555 1528 596; x_wconf 81' lang='lat' dir='ltr'>variae</span> <span class='ocrx_word' id='word_1_47' title='bbox 1566 553 1657 595; x_wconf 86' lang='lat' dir='ltr'>aliis</span> <span class='ocrx_word' id='word_1_48' title='bbox 1697 554 1882 608; x_wconf 81' lang='lat' dir='ltr'>partibus</span> 
     </span>
     <span class='ocr_line' id='line_1_9' title="bbox 270 617 1886 674; baseline -0.004 -9"><span class='ocrx_word' id='word_1_49' title='bbox 270 624 565 665; x_wconf 65' lang='lat' dir='ltr'>annediuntur.</span> <span class='ocrx_word' id='word_1_50' title='bbox 636 621 814 673; x_wconf 88' lang='lat' dir='ltr'>Vbique</span> <span class='ocrx_word' id='word_1_51' title='bbox 851 620 1101 660; x_wconf 87' lang='lat' dir='ltr'>continuam</span> <span class='ocrx_word' id='word_1_52' title='bbox 1137 618 1444 674; x_wconf 70' lang='lat' dir='ltr'>semifiuidm,</span> <span class='ocrx_word' id='word_1_53' title='bbox 1479 618 1549 660; x_wconf 89' lang='lat' dir='ltr'>vel</span> <span class='ocrx_word' id='word_1_54' title='bbox 1587 617 1886 672; x_wconf 84' lang='lat' dir='ltr'>conglutinan-</span> 
     </span>
     <span class='ocr_line' id='line_1_10' title="bbox 271 683 1887 741; baseline -0.002 -13"><span class='ocrx_word' id='word_1_55' title='bbox 271 697 361 730; x_wconf 86' lang='lat' dir='ltr'>tem</span> <span class='ocrx_word' id='word_1_56' title='bbox 407 688 476 728; x_wconf 89' lang='lat' dir='ltr'>vel</span> <span class='ocrx_word' id='word_1_57' title='bbox 522 687 887 738; x_wconf 67' lang='lat' dir='ltr'>connectentem,</span> <span class='ocrx_word' id='word_1_58' title='bbox 940 683 1205 726; x_wconf 84' lang='lat' dir='ltr'>substantiam</span> <span class='ocrx_word' id='word_1_59' title='bbox 1249 685 1421 741; x_wconf 87' lang='lat' dir='ltr'>reperi,·</span> <span class='ocrx_word' id='word_1_60' title='bbox 1476 683 1727 726; x_wconf 87' lang='lat' dir='ltr'>cellulosam</span> <span class='ocrx_word' id='word_1_61' title='bbox 1779 696 1887 725; x_wconf 85' lang='lat' dir='ltr'>nun-</span> 
     </span>
     <span class='ocr_line' id='line_1_11' title="bbox 274 752 541 809; baseline -0.011 -14"><span class='ocrx_word' id='word_1_62' title='bbox 274 765 403 809; x_wconf 86' lang='lat' dir='ltr'>quam</span> <span class='ocrx_word' id='word_1_63' title='bbox 439 752 541 793; x_wconf 84' lang='lat' dir='ltr'>vidi.</span> 
     </span>
    </p>
   </div>
   <div class='ocr_carea' id='block_1_5' title="bbox 270 847 1892 2072">
    <p class='ocr_par' dir='ltr' id='par_1_5' title="bbox 270 847 1892 2072">
     <span class='ocr_line' id='line_1_12' title="bbox 470 847 1887 903; baseline -0.001 -15"><span class='ocrx_word' id='word_1_64' title='bbox 470 849 506 903; x_wconf 83' lang='lat'>§.</span> <span class='ocrx_word' id='word_1_65' title='bbox 547 862 587 899; x_wconf 80' lang='grc'>3.</span> <span class='ocrx_word' id='word_1_66' title='bbox 657 847 716 890; x_wconf 89' lang='lat' dir='ltr'>Et</span> <span class='ocrx_word' id='word_1_67' title='bbox 752 857 894 890; x_wconf 88' lang='lat' dir='ltr'>tamen</span> <span class='ocrx_word' id='word_1_68' title='bbox 930 847 1006 889; x_wconf 86' lang='lat' dir='ltr'>vix</span> <span class='ocrx_word' id='word_1_69' title='bbox 1040 847 1126 889; x_wconf 79' lang='lat' dir='ltr'>vlla</span> <span class='ocrx_word' id='word_1_70' title='bbox 1170 861 1266 902; x_wconf 85' lang='lat' dir='ltr'>pars</span> <span class='ocrx_word' id='word_1_71' title='bbox 1289 878 1302 901; x_wconf 80' lang='lat'>‚</span> <span class='ocrx_word' id='word_1_72' title='bbox 1358 857 1430 890; x_wconf 87' lang='lat' dir='ltr'>aut</span> <span class='ocrx_word' id='word_1_73' title='bbox 1472 847 1691 890; x_wconf 86' lang='lat' dir='ltr'>substantia</span> <span class='ocrx_word' id='word_1_74' title='bbox 1729 859 1887 902; x_wconf 89' lang='lat' dir='ltr'>corpo-</span> 
     </span>
     <span class='ocr_line' id='line_1_13' title="bbox 270 912 1890 966; baseline -0.002 -10"><span class='ocrx_word' id='word_1_75' title='bbox 270 914 356 966; x_wconf 65' lang='lat' dir='ltr'>ris,</span> <span class='ocrx_word' id='word_1_76' title='bbox 393 916 539 955; x_wconf 90' lang='lat' dir='ltr'>notior</span> <span class='ocrx_word' id='word_1_77' title='bbox 575 913 631 954; x_wconf 88' lang='lat' dir='ltr'>est</span> <span class='ocrx_word' id='word_1_78' title='bbox 667 915 916 955; x_wconf 84' lang='lat' dir='ltr'>anatomicis</span> <span class='ocrx_word' id='word_1_79' title='bbox 955 912 1170 954; x_wconf 76' lang='lat' dir='ltr'>cellulosa.</span> <span class='ocrx_word' id='word_1_80' title='bbox 1227 914 1275 954; x_wconf 90' lang='lat' dir='ltr'>In</span> <span class='ocrx_word' id='word_1_81' title='bbox 1312 915 1509 954; x_wconf 90' lang='lat' dir='ltr'>omnium</span> <span class='ocrx_word' id='word_1_82' title='bbox 1547 923 1690 954; x_wconf 86' lang='lat' dir='ltr'>mente</span> <span class='ocrx_word' id='word_1_83' title='bbox 1719 923 1761 953; x_wconf 90' lang='lat' dir='ltr'>et</span> <span class='ocrx_word' id='word_1_84' title='bbox 1783 926 1890 953; x_wconf 91' lang='lat' dir='ltr'>ocu-</span> 
     </span>
     <span class='ocr_line' id='line_1_14' title="bbox 271 976 1888 1032; baseline -0.002 -13"><span class='ocrx_word' id='word_1_85' title='bbox 271 980 325 1019; x_wconf 89' lang='lat' dir='ltr'>lis</span> <span class='ocrx_word' id='word_1_86' title='bbox 363 978 434 1019; x_wconf 87' lang='lat' dir='ltr'>est.</span> <span class='ocrx_word' id='word_1_87' title='bbox 507 979 653 1020; x_wconf 90' lang='lat' dir='ltr'>Nemo</span> <span class='ocrx_word' id='word_1_88' title='bbox 690 992 777 1019; x_wconf 88' lang='lat' dir='ltr'>non</span> <span class='ocrx_word' id='word_1_89' title='bbox 815 991 909 1020; x_wconf 86' lang='lat' dir='ltr'>eam</span> <span class='ocrx_word' id='word_1_90' title='bbox 948 978 1143 1032; x_wconf 87' lang='lat' dir='ltr'>quotidie</span> <span class='ocrx_word' id='word_1_91' title='bbox 1179 978 1323 1028; x_wconf 74' lang='lat' dir='ltr'>videt,</span> <span class='ocrx_word' id='word_1_92' title='bbox 1362 980 1531 1031; x_wconf 63' lang='lat' dir='ltr'>tractat,</span> <span class='ocrx_word' id='word_1_93' title='bbox 1569 979 1764 1029; x_wconf 68' lang='lat' dir='ltr'>diss‘ecat‚</span> <span class='ocrx_word' id='word_1_94' title='bbox 1802 976 1888 1018; x_wconf 91' lang='lat' dir='ltr'>sol-</span> 
     </span>
     <span class='ocr_line' id='line_1_15' title="bbox 271 1042 1889 1099; baseline -0.002 -14"><span class='ocrx_word' id='word_1_95' title='bbox 271 1045 335 1085; x_wconf 82' lang='lat' dir='ltr'>vit</span> <span class='ocrx_word' id='word_1_96' title='bbox 380 1044 429 1084; x_wconf 81' lang='lat' dir='ltr'>ab</span> <span class='ocrx_word' id='word_1_97' title='bbox 476 1045 566 1085; x_wconf 81' lang='lat' dir='ltr'>aliis</span> <span class='ocrx_word' id='word_1_98' title='bbox 614 1044 804 1099; x_wconf 85' lang='lat' dir='ltr'>partibus</span> <span class='ocrx_word' id='word_1_99' title='bbox 850 1054 892 1084; x_wconf 89' lang='lat' dir='ltr'>et</span> <span class='ocrx_word' id='word_1_100' title='bbox 935 1042 1089 1084; x_wconf 78' lang='lat' dir='ltr'>aufert.</span> <span class='ocrx_word' id='word_1_101' title='bbox 1161 1042 1373 1083; x_wconf 81' lang='lat' dir='ltr'>Videmus</span> <span class='ocrx_word' id='word_1_102' title='bbox 1421 1044 1549 1084; x_wconf 85' lang='lat' dir='ltr'>cellas</span> <span class='ocrx_word' id='word_1_103' title='bbox 1587 1043 1629 1082; x_wconf 92' lang='lat' dir='ltr'>in</span> <span class='ocrx_word' id='word_1_104' title='bbox 1675 1043 1753 1083; x_wconf 88' lang='lat' dir='ltr'>hac</span> <span class='ocrx_word' id='word_1_105' title='bbox 1792 1042 1889 1082; x_wconf 88' lang='lat' dir='ltr'>sub-</span> 
     </span>
     <span class='ocr_line' id='line_1_16' title="bbox 271 1106 1888 1160; baseline -0.002 -10"><span class='ocrx_word' id='word_1_106' title='bbox 271 1109 416 1150; x_wconf 83' lang='lat' dir='ltr'>stantia</span> <span class='ocrx_word' id='word_1_107' title='bbox 452 1119 495 1149; x_wconf 91' lang='lat' dir='ltr'>et</span> <span class='ocrx_word' id='word_1_108' title='bbox 532 1109 778 1151; x_wconf 82' lang='lat' dir='ltr'>cellulosam</span> <span class='ocrx_word' id='word_1_109' title='bbox 816 1118 1063 1160; x_wconf 72' lang='lat' dir='ltr'>texturam,</span> <span class='ocrx_word' id='word_1_110' title='bbox 1108 1106 1388 1160; x_wconf 79' lang='lat' dir='ltr'>lamellasque</span> <span class='ocrx_word' id='word_1_111' title='bbox 1426 1108 1516 1148; x_wconf 87' lang='lat' dir='ltr'>eius</span> <span class='ocrx_word' id='word_1_112' title='bbox 1554 1118 1596 1147; x_wconf 89' lang='lat' dir='ltr'>et</span> <span class='ocrx_word' id='word_1_113' title='bbox 1631 1107 1711 1148; x_wconf 87' lang='lat' dir='ltr'>lata</span> <span class='ocrx_word' id='word_1_114' title='bbox 1749 1107 1888 1159; x_wconf 79' lang='lat' dir='ltr'>folia,</span> 
     </span>
     <span class='ocr_line' id='line_1_17' title="bbox 274 1171 1890 1226; baseline -0.004 -10"><span class='ocrx_word' id='word_1_115' title='bbox 274 1183 346 1216; x_wconf 85' lang='lat' dir='ltr'>aut</span> <span class='ocrx_word' id='word_1_116' title='bbox 381 1173 450 1216; x_wconf 88' lang='lat' dir='ltr'>fila</span> <span class='ocrx_word' id='word_1_117' title='bbox 498 1175 671 1215; x_wconf 63' lang='lat' dir='ltr'>trastilia</span> <span class='ocrx_word' id='word_1_118' title='bbox 718 1183 760 1214; x_wconf 90' lang='lat' dir='ltr'>et</span> <span class='ocrx_word' id='word_1_119' title='bbox 804 1172 1023 1213; x_wconf 84' lang='lat' dir='ltr'>interstitia</span> <span class='ocrx_word' id='word_1_120' title='bbox 1066 1173 1227 1224; x_wconf 76' lang='lat' dir='ltr'>longa,</span> <span class='ocrx_word' id='word_1_121' title='bbox 1283 1173 1601 1226; x_wconf 80' lang='lat' dir='ltr'>quamprimum</span> <span class='ocrx_word' id='word_1_122' title='bbox 1639 1171 1890 1225; x_wconf 83' lang='lat' dir='ltr'>scalpellum</span> 
     </span>
     <span class='ocr_line' id='line_1_18' title="bbox 274 1235 1889 1292; baseline -0.002 -13"><span class='ocrx_word' id='word_1_123' title='bbox 274 1237 449 1292; x_wconf 84' lang='lat' dir='ltr'>corpori</span> <span class='ocrx_word' id='word_1_124' title='bbox 505 1239 806 1278; x_wconf 80' lang='lat' dir='ltr'>admonemus.</span> <span class='ocrx_word' id='word_1_125' title='bbox 894 1236 982 1277; x_wconf 88' lang='lat' dir='ltr'>Vbi</span> <span class='ocrx_word' id='word_1_126' title='bbox 1029 1245 1172 1276; x_wconf 91' lang='lat' dir='ltr'>cutem</span> <span class='ocrx_word' id='word_1_127' title='bbox 1219 1236 1492 1290; x_wconf 70' lang='lat' dir='ltr'>dfflecueris,</span> <span class='ocrx_word' id='word_1_128' title='bbox 1547 1235 1748 1278; x_wconf 87' lang='lat' dir='ltr'>cellulosa</span> <span class='ocrx_word' id='word_1_129' title='bbox 1799 1235 1889 1288; x_wconf 84' lang='lat' dir='ltr'>est,</span> 
     </span>
     <span class='ocr_line' id='line_1_19' title="bbox 277 1300 1887 1358; baseline -0.001 -15"><span class='ocrx_word' id='word_1_130' title='bbox 277 1316 384 1358; x_wconf 87' lang='lat' dir='ltr'>quae</span> <span class='ocrx_word' id='word_1_131' title='bbox 445 1303 632 1357; x_wconf 88' lang='lat' dir='ltr'>primum</span> <span class='ocrx_word' id='word_1_132' title='bbox 695 1302 734 1343; x_wconf 89' lang='lat' dir='ltr'>se</span> <span class='ocrx_word' id='word_1_133' title='bbox 800 1301 940 1342; x_wconf 86' lang='lat' dir='ltr'>offert.</span> <span class='ocrx_word' id='word_1_134' title='bbox 1030 1300 1346 1355; x_wconf 85' lang='lat' dir='ltr'>Quamcunque</span> <span class='ocrx_word' id='word_1_135' title='bbox 1411 1312 1575 1355; x_wconf 80' lang='lat' dir='ltr'>partem</span> <span class='ocrx_word' id='word_1_136' title='bbox 1638 1313 1887 1356; x_wconf 85' lang='lat' dir='ltr'>praeparare</span> 
     </span>
     <span class='ocr_line' id='line_1_20' title="bbox 272 1364 1887 1416; baseline -0.003 -7"><span class='ocrx_word' id='word_1_137' title='bbox 272 1370 324 1409; x_wconf 84' lang='lat' dir='ltr'>ad</span> <span class='ocrx_word' id='word_1_138' title='bbox 373 1367 780 1408; x_wconf 87' lang='lat' dir='ltr'>demonstrationem</span> <span class='ocrx_word' id='word_1_139' title='bbox 825 1364 1049 1416; x_wconf 78' lang='lat' dir='ltr'>volueris,</span> <span class='ocrx_word' id='word_1_140' title='bbox 1104 1378 1159 1405; x_wconf 86' lang='lat' dir='ltr'>ex</span> <span class='ocrx_word' id='word_1_141' title='bbox 1195 1365 1398 1406; x_wconf 81' lang='lat' dir='ltr'>cellulosa</span> <span class='ocrx_word' id='word_1_142' title='bbox 1444 1379 1490 1406; x_wconf 83' lang='lat' dir='ltr'>ea</span> <span class='ocrx_word' id='word_1_143' title='bbox 1535 1367 1779 1407; x_wconf 87' lang='lat' dir='ltr'>euoluenda</span> <span class='ocrx_word' id='word_1_144' title='bbox 1816 1365 1887 1406; x_wconf 89' lang='lat' dir='ltr'>est.</span> 
     </span>
     <span class='ocr_line' id='line_1_21' title="bbox 273 1430 1892 1485; baseline -0.002 -12"><span class='ocrx_word' id='word_1_145' title='bbox 273 1432 395 1473; x_wconf 84' lang='lat' dir='ltr'>Haec</span> <span class='ocrx_word' id='word_1_146' title='bbox 433 1445 584 1473; x_wconf 78' lang='lat' dir='ltr'>omnes</span> <span class='ocrx_word' id='word_1_147' title='bbox 623 1442 763 1485; x_wconf 83' lang='lat' dir='ltr'>partes</span> <span class='ocrx_word' id='word_1_148' title='bbox 803 1430 1101 1471; x_wconf 88' lang='lat' dir='ltr'>membrorum</span> <span class='ocrx_word' id='word_1_149' title='bbox 1138 1430 1332 1483; x_wconf 89' lang='lat' dir='ltr'>corporis</span> <span class='ocrx_word' id='word_1_150' title='bbox 1369 1430 1590 1482; x_wconf 76' lang='lat' dir='ltr'>inuoluit,</span> <span class='ocrx_word' id='word_1_151' title='bbox 1638 1444 1788 1471; x_wconf 85' lang='lat' dir='ltr'>omnes</span> <span class='ocrx_word' id='word_1_152' title='bbox 1826 1431 1892 1470; x_wconf 91' lang='lat' dir='ltr'>in·-</span> 
     </span>
     <span class='ocr_line' id='line_1_22' title="bbox 272 1493 1887 1549; baseline -0.002 -11"><span class='ocrx_word' id='word_1_153' title='bbox 272 1506 339 1538; x_wconf 88' lang='lat' dir='ltr'>ter</span> <span class='ocrx_word' id='word_1_154' title='bbox 383 1496 421 1537; x_wconf 91' lang='lat' dir='ltr'>se</span> <span class='ocrx_word' id='word_1_155' title='bbox 469 1497 684 1538; x_wconf 72' lang='lat' dir='ltr'>connee‘tit</span> <span class='ocrx_word' id='word_1_156' title='bbox 729 1504 771 1536; x_wconf 89' lang='lat' dir='ltr'>ct</span> <span class='ocrx_word' id='word_1_157' title='bbox 815 1495 1116 1549; x_wconf 70' lang='lat' dir='ltr'>conglutinat,</span> <span class='ocrx_word' id='word_1_158' title='bbox 1169 1507 1321 1534; x_wconf 85' lang='lat' dir='ltr'>omnes</span> <span class='ocrx_word' id='word_1_159' title='bbox 1369 1493 1620 1541; x_wconf 80' lang='lat' dir='ltr'>abscondit3</span> <span class='ocrx_word' id='word_1_160' title='bbox 1675 1505 1721 1534; x_wconf 87' lang='lat' dir='ltr'>vt</span> <span class='ocrx_word' id='word_1_161' title='bbox 1766 1507 1887 1548; x_wconf 80' lang='lat' dir='ltr'>prae-</span> 
     </span>
     <span class='ocr_line' id='line_1_23' title="bbox 272 1558 1886 1617; baseline -0.003 -14"><span class='ocrx_word' id='word_1_162' title='bbox 272 1563 438 1617; x_wconf 78' lang='lat' dir='ltr'>paratio</span> <span class='ocrx_word' id='word_1_163' title='bbox 476 1562 713 1603; x_wconf 82' lang='lat' dir='ltr'>anatomica</span> <span class='ocrx_word' id='word_1_164' title='bbox 751 1561 859 1601; x_wconf 87' lang='lat' dir='ltr'>nihil</span> <span class='ocrx_word' id='word_1_165' title='bbox 895 1561 1007 1601; x_wconf 86' lang='lat' dir='ltr'>aliud</span> <span class='ocrx_word' id='word_1_166' title='bbox 1047 1561 1135 1600; x_wconf 88' lang='lat' dir='ltr'>fere</span> <span class='ocrx_word' id='word_1_167' title='bbox 1173 1560 1251 1611; x_wconf 70' lang='lat' dir='ltr'>fit,</span> <span class='ocrx_word' id='word_1_168' title='bbox 1305 1571 1433 1612; x_wconf 86' lang='lat' dir='ltr'>quam</span> <span class='ocrx_word' id='word_1_169' title='bbox 1478 1558 1720 1599; x_wconf 82' lang='lat' dir='ltr'>enucleatio</span> <span class='ocrx_word' id='word_1_170' title='bbox 1758 1558 1886 1611; x_wconf 85' lang='lat' dir='ltr'>partis</span> 
     </span>
     <span class='ocr_line' id='line_1_24' title="bbox 275 1623 1888 1680; baseline -0.003 -13"><span class='ocrx_word' id='word_1_171' title='bbox 275 1628 453 1668; x_wconf 79' lang='lat' dir='ltr'>alicuius</span> <span class='ocrx_word' id='word_1_172' title='bbox 491 1641 545 1668; x_wconf 79' lang='lat' dir='ltr'>ex</span> <span class='ocrx_word' id='word_1_173' title='bbox 583 1625 801 1668; x_wconf 83' lang='lat' dir='ltr'>ccllulosa.</span> <span class='ocrx_word' id='word_1_174' title='bbox 877 1625 1020 1680; x_wconf 81' lang='lat' dir='ltr'>Quare</span> <span class='ocrx_word' id='word_1_175' title='bbox 1059 1635 1101 1665; x_wconf 88' lang='lat' dir='ltr'>et</span> <span class='ocrx_word' id='word_1_176' title='bbox 1137 1624 1222 1665; x_wconf 84' lang='lat' dir='ltr'>sola</span> <span class='ocrx_word' id='word_1_177' title='bbox 1260 1623 1460 1665; x_wconf 77' lang='lat' dir='ltr'>celluloia</span> <span class='ocrx_word' id='word_1_178' title='bbox 1497 1637 1544 1664; x_wconf 83' lang='lat' dir='ltr'>ea</span> <span class='ocrx_word' id='word_1_179' title='bbox 1582 1623 1669 1663; x_wconf 84' lang='lat' dir='ltr'>fere</span> <span class='ocrx_word' id='word_1_180' title='bbox 1706 1623 1888 1663; x_wconf 86' lang='lat' dir='ltr'>substan-</span> 
     </span>
     <span class='ocr_line' id='line_1_25' title="bbox 273 1688 1888 1745; baseline -0.002 -14"><span class='ocrx_word' id='word_1_181' title='bbox 273 1692 332 1732; x_wconf 86' lang='lat' dir='ltr'>tia</span> <span class='ocrx_word' id='word_1_182' title='bbox 368 1693 456 1743; x_wconf 80' lang='lat' dir='ltr'>est,</span> <span class='ocrx_word' id='word_1_183' title='bbox 513 1706 618 1745; x_wconf 83' lang='lat' dir='ltr'>quae</span> <span class='ocrx_word' id='word_1_184' title='bbox 656 1705 742 1732; x_wconf 84' lang='lat' dir='ltr'>uon</span> <span class='ocrx_word' id='word_1_185' title='bbox 780 1701 824 1731; x_wconf 82' lang='lat' dir='ltr'>vt</span> <span class='ocrx_word' id='word_1_186' title='bbox 861 1691 964 1731; x_wconf 84' lang='lat' dir='ltr'>aliae</span> <span class='ocrx_word' id='word_1_187' title='bbox 1002 1700 1141 1743; x_wconf 81' lang='lat' dir='ltr'>partes</span> <span class='ocrx_word' id='word_1_188' title='bbox 1180 1699 1265 1730; x_wconf 85' lang='lat' dir='ltr'>arte</span> <span class='ocrx_word' id='word_1_189' title='bbox 1302 1689 1539 1742; x_wconf 81' lang='lat' dir='ltr'>praeparari</span> <span class='ocrx_word' id='word_1_190' title='bbox 1582 1688 1687 1728; x_wconf 86' lang='lat' dir='ltr'>solet</span> <span class='ocrx_word' id='word_1_191' title='bbox 1724 1689 1774 1728; x_wconf 81' lang='lat' dir='ltr'>ad</span> <span class='ocrx_word' id='word_1_192' title='bbox 1812 1701 1888 1728; x_wconf 89' lang='lat' dir='ltr'>co-</span> 
     </span>
     <span class='ocr_line' id='line_1_26' title="bbox 277 1752 1887 1810; baseline -0.002 -14"><span class='ocrx_word' id='word_1_193' title='bbox 277 1756 518 1810; x_wconf 85' lang='lat' dir='ltr'>gnitionem</span> <span class='ocrx_word' id='word_1_194' title='bbox 567 1766 609 1795; x_wconf 88' lang='lat' dir='ltr'>ct</span> <span class='ocrx_word' id='word_1_195' title='bbox 655 1756 1074 1796; x_wconf 78' lang='lat' dir='ltr'>demonstrationem.</span> <span class='ocrx_word' id='word_1_196' title='bbox 1143 1754 1257 1795; x_wconf 88' lang='lat' dir='ltr'>Nam</span> <span class='ocrx_word' id='word_1_197' title='bbox 1304 1754 1395 1794; x_wconf 79' lang='lat' dir='ltr'>satis</span> <span class='ocrx_word' id='word_1_198' title='bbox 1445 1755 1651 1807; x_wconf 86' lang='lat' dir='ltr'>superque</span> <span class='ocrx_word' id='word_1_199' title='bbox 1700 1752 1802 1792; x_wconf 87' lang='lat' dir='ltr'>haec</span> <span class='ocrx_word' id='word_1_200' title='bbox 1849 1753 1887 1792; x_wconf 86' lang='lat' dir='ltr'>se</span> 
     </span>
     <span class='ocr_line' id='line_1_27' title="bbox 276 1815 1888 1875; baseline -0.003 -14"><span class='ocrx_word' id='word_1_201' title='bbox 276 1821 362 1875; x_wconf 83' lang='lat' dir='ltr'>ipsa</span> <span class='ocrx_word' id='word_1_202' title='bbox 401 1820 651 1872; x_wconf 73' lang='lat' dir='ltr'>manifestat,</span> <span class='ocrx_word' id='word_1_203' title='bbox 686 1833 790 1873; x_wconf 83' lang='lat' dir='ltr'>quae</span> <span class='ocrx_word' id='word_1_204' title='bbox 828 1820 1091 1860; x_wconf 85' lang='lat' dir='ltr'>remoueuda</span> <span class='ocrx_word' id='word_1_205' title='bbox 1128 1819 1288 1859; x_wconf 85' lang='lat' dir='ltr'>scilicet</span> <span class='ocrx_word' id='word_1_206' title='bbox 1316 1819 1473 1872; x_wconf 82' lang='lat' dir='ltr'>vbique</span> <span class='ocrx_word' id='word_1_207' title='bbox 1510 1819 1557 1858; x_wconf 88' lang='lat' dir='ltr'>fit</span> <span class='ocrx_word' id='word_1_208' title='bbox 1594 1817 1730 1857; x_wconf 88' lang='lat' dir='ltr'>multo</span> <span class='ocrx_word' id='word_1_209' title='bbox 1768 1815 1888 1870; x_wconf 83' lang='lat' dir='ltr'>saepe</span> 
     </span>
     <span class='ocr_line' id='line_1_28' title="bbox 278 1881 1887 1939; baseline -0.004 -13"><span class='ocrx_word' id='word_1_210' title='bbox 278 1886 427 1927; x_wconf 84' lang='lat' dir='ltr'>labore</span> <span class='ocrx_word' id='word_1_211' title='bbox 473 1886 524 1926; x_wconf 88' lang='lat' dir='ltr'>ad</span> <span class='ocrx_word' id='word_1_212' title='bbox 570 1896 708 1939; x_wconf 77' lang='lat' dir='ltr'>partes</span> <span class='ocrx_word' id='word_1_213' title='bbox 733 1915 746 1938; x_wconf 62' lang='lat'><strong>7</strong></span> <span class='ocrx_word' id='word_1_214' title='bbox 792 1898 893 1937; x_wconf 84' lang='lat' dir='ltr'>quas</span> <span class='ocrx_word' id='word_1_215' title='bbox 935 1884 1208 1937; x_wconf 62' lang='lat' dir='ltr'>quaerimus„</span> <span class='ocrx_word' id='word_1_216' title='bbox 1248 1885 1504 1937; x_wconf 79' lang='lat' dir='ltr'>detegendas</span> <span class='ocrx_word' id='word_1_217' title='bbox 1542 1893 1584 1923; x_wconf 90' lang='lat' dir='ltr'>ct</span> <span class='ocrx_word' id='word_1_218' title='bbox 1620 1881 1887 1922; x_wconf 76' lang='lat' dir='ltr'>obtinendas.</span> 
     </span>
     <span class='ocr_line' id='line_1_29' title="bbox 277 1945 1883 2004; baseline -0.004 -13"><span class='ocrx_word' id='word_1_219' title='bbox 277 1951 448 1993; x_wconf 86' lang='lat' dir='ltr'>Verum</span> <span class='ocrx_word' id='word_1_220' title='bbox 486 1951 589 1991; x_wconf 85' lang='lat' dir='ltr'>hacc</span> <span class='ocrx_word' id='word_1_221' title='bbox 627 1950 709 2004; x_wconf 84' lang='lat' dir='ltr'>ipsa</span> <span class='ocrx_word' id='word_1_222' title='bbox 750 1949 867 1990; x_wconf 84' lang='lat' dir='ltr'>causa</span> <span class='ocrx_word' id='word_1_223' title='bbox 904 1949 1008 1988; x_wconf 84' lang='lat' dir='ltr'>mihi</span> <span class='ocrx_word' id='word_1_224' title='bbox 1056 1951 1134 1988; x_wconf 79' lang='lat' dir='ltr'>elle</span> <span class='ocrx_word' id='word_1_225' title='bbox 1179 1948 1380 2003; x_wconf 75' lang='lat' dir='ltr'>videtur,</span> <span class='ocrx_word' id='word_1_226' title='bbox 1436 1962 1510 1989; x_wconf 88' lang='lat' dir='ltr'>cur</span> <span class='ocrx_word' id='word_1_227' title='bbox 1555 1947 1714 1988; x_wconf 86' lang='lat' dir='ltr'>tamdiu</span> <span class='ocrx_word' id='word_1_228' title='bbox 1762 1945 1883 1987; x_wconf 84' lang='lat' dir='ltr'>nobis</span> 
     </span>
     <span class='ocr_line' id='line_1_30' title="bbox 279 2013 1100 2072; baseline -0.005 -16"><span class='ocrx_word' id='word_1_229' title='bbox 279 2016 619 2072; x_wconf 13' lang='lat' dir='ltr'>fallaxbtcxtura</span> <span class='ocrx_word' id='word_1_230' title='bbox 666 2015 868 2055; x_wconf 81' lang='lat' dir='ltr'>cellulosa</span> <span class='ocrx_word' id='word_1_231' title='bbox 911 2013 1100 2054; x_wconf 83' lang='lat' dir='ltr'>illuserit.</span> 
     </span>
    </p>
   </div>
   <div class='ocr_carea' id='block_1_6' title="bbox 282 2103 1885 2293">
    <p class='ocr_par' dir='ltr' id='par_1_6' title="bbox 282 2103 1885 2293">
     <span class='ocr_line' id='line_1_31' title="bbox 476 2103 1882 2167; baseline -0.005 -14"><span class='ocrx_word' id='word_1_232' title='bbox 476 2114 510 2167; x_wconf 53' lang='grc' dir='ltr'>ᾗ.</span> <span class='ocrx_word' id='word_1_233' title='bbox 549 2129 590 2164; x_wconf 89' lang='lat'>4.</span> <span class='ocrx_word' id='word_1_234' title='bbox 660 2112 761 2153; x_wconf 84' lang='lat' dir='ltr'>Nou</span> <span class='ocrx_word' id='word_1_235' title='bbox 802 2113 922 2154; x_wconf 84' lang='lat' dir='ltr'>aliter</span> <span class='ocrx_word' id='word_1_236' title='bbox 957 2113 1071 2152; x_wconf 84' lang='lat' dir='ltr'>cuim</span> <span class='ocrx_word' id='word_1_237' title='bbox 1111 2112 1212 2152; x_wconf 85' lang='lat' dir='ltr'>hacc</span> <span class='ocrx_word' id='word_1_238' title='bbox 1251 2111 1467 2153; x_wconf 75' lang='lat' dir='ltr'>substantia</span> <span class='ocrx_word' id='word_1_239' title='bbox 1505 2111 1773 2153; x_wconf 66' lang='lat' dir='ltr'>obseruatus„</span> <span class='ocrx_word' id='word_1_240' title='bbox 1811 2103 1882 2142; x_wconf 78' lang='lat' dir='ltr'>uifi</span> 
     </span>
     <span class='ocr_line' id='line_1_32' title="bbox 282 2169 1883 2231; baseline -0.006 -15"><span class='ocrx_word' id='word_1_241' title='bbox 282 2178 384 2217; x_wconf 86' lang='lat' dir='ltr'>dum</span> <span class='ocrx_word' id='word_1_242' title='bbox 407 2179 511 2219; x_wconf 78' lang='lat' dir='ltr'>duae</span> <span class='ocrx_word' id='word_1_243' title='bbox 551 2188 686 2231; x_wconf 74' lang='lat' dir='ltr'>partes·</span> <span class='ocrx_word' id='word_1_244' title='bbox 728 2178 990 2231; x_wconf 55' lang='lat' dir='ltr'>detegendae</span> <span class='ocrx_word' id='word_1_245' title='bbox 1028 2187 1070 2217; x_wconf 88' lang='lat' dir='ltr'>ct</span> <span class='ocrx_word' id='word_1_246' title='bbox 1107 2177 1454 2229; x_wconf 63' lang='lat' dir='ltr'>cognoscendae„</span> <span class='ocrx_word' id='word_1_247' title='bbox 1492 2177 1560 2216; x_wconf 62' lang='lat' dir='ltr'>rel</span> <span class='ocrx_word' id='word_1_248' title='bbox 1600 2169 1883 2214; x_wconf 79' lang='lat' dir='ltr'>demonstrau-</span> 
     </span>
     <span class='ocr_line' id='line_1_33' title="bbox 283 2233 1885 2293; baseline -0.007 -11"><span class='ocrx_word' id='word_1_249' title='bbox 283 2243 392 2293; x_wconf 67' lang='lat' dir='ltr'>dae,</span> <span class='ocrx_word' id='word_1_250' title='bbox 429 2255 482 2282; x_wconf 72' lang='lat' dir='ltr'>cx</span> <span class='ocrx_word' id='word_1_251' title='bbox 518 2244 588 2284; x_wconf 83' lang='lat' dir='ltr'>illa</span> <span class='ocrx_word' id='word_1_252' title='bbox 625 2244 899 2284; x_wconf 82' lang='lat' dir='ltr'>cuoluuutur.</span> <span class='ocrx_word' id='word_1_253' title='bbox 974 2243 1068 2282; x_wconf 80' lang='lat' dir='ltr'>Hoc</span> <span class='ocrx_word' id='word_1_254' title='bbox 1107 2253 1244 2282; x_wconf 80' lang='lat' dir='ltr'>:m&#39;cm</span> <span class='ocrx_word' id='word_1_255' title='bbox 1284 2253 1327 2282; x_wconf 71' lang='lat' dir='ltr'>vt</span> <span class='ocrx_word' id='word_1_256' title='bbox 1366 2243 1441 2282; x_wconf 72' lang='lat' dir='ltr'>rite</span> <span class='ocrx_word' id='word_1_257' title='bbox 1479 2241 1578 2287; x_wconf 68' lang='lat' dir='ltr'>fiat,</span> <span class='ocrx_word' id='word_1_258' title='bbox 1617 2235 1773 2275; x_wconf 78' lang='lat' dir='ltr'>neccsse</span> <span class='ocrx_word' id='word_1_259' title='bbox 1811 2233 1885 2284; x_wconf 78' lang='lat' dir='ltr'>cst,</span> 
     </span>
    </p>
   </div>
   <div class='ocr_carea' id='block_1_7' title="bbox 280 2299 1884 2417">
    <p class='ocr_par' dir='ltr' id='par_1_7' title="bbox 280 2299 1884 2417">
     <span class='ocr_line' id='line_1_34' title="bbox 280 2299 1883 2363; baseline -0.001 -15"><span class='ocrx_word' id='word_1_260' title='bbox 280 2316 327 2348; x_wconf 86' lang='lat' dir='ltr'>vt</span> <span class='ocrx_word' id='word_1_261' title='bbox 370 2307 506 2348; x_wconf 73' lang='lat' dir='ltr'>laxior</span> <span class='ocrx_word' id='word_1_262' title='bbox 554 2309 818 2363; x_wconf 82' lang='lat' dir='ltr'>molliorque</span> <span class='ocrx_word' id='word_1_263' title='bbox 863 2318 904 2348; x_wconf 85' lang='lat' dir='ltr'>et</span> <span class='ocrx_word' id='word_1_264' title='bbox 950 2307 1123 2349; x_wconf 75' lang='lat' dir='ltr'>mobilis</span> <span class='ocrx_word' id='word_1_265' title='bbox 1171 2307 1424 2360; x_wconf 78' lang='lat' dir='ltr'>substantia,</span> <span class='ocrx_word' id='word_1_266' title='bbox 1480 2302 1705 2357; x_wconf 73' lang='lat' dir='ltr'>quominus</span> <span class='ocrx_word' id='word_1_267' title='bbox 1745 2299 1883 2339; x_wconf 61' lang='lat' dir='ltr'>CUI(ro</span> 
     </span>
     <span class='ocr_line' id='line_1_35' title="bbox 1729 2364 1884 2417; baseline -0.026 -12"><span class='ocrx_word' id='word_1_268' title='bbox 1729 2364 1884 2417; x_wconf 69' lang='lat' dir='ltr'>cedat,</span> 
     </span>
    </p>
   </div>
  </div>
 </body>
</html>
