2007 2702
313 211 374 251 50

842 186 1383 249 HRISTOIRE.

507 322 610 354 num
646 304 824 350 Betulae
861 307 1021 348 cortice
1056 305 1270 360 priuatum
1291 331 1306 356 ‚
1341 314 1481 357 neque
1516 300 1602 358 ipse
1637 310 1789 346 cortex
1822 303 1912 360 epi-

508 374 699 418 dermide
735 371 907 413 orbatus
942 384 1036 413 eam
1071 369 1320 424 largiuntur.
1378 364 1382 367 ’

377 473 432 530 b)
499 470 670 526 Saporis
708 469 763 510 est
799 468 970 509 nullius.

376 582 429 637 c)
497 579 647 622 Prunis
684 578 834 619 iniecta
868 577 1034 633 placide
1070 574 1367 626 consumitur,
1422 574 1542 615 fumo
1578 573 1711 615 suauis
1747 574 1911 617 odoris.

506 644 693 698 Cuspide
739 642 865 683 cultri
908 642 997 696 igni
1042 640 1238 682 candelae
1290 640 1464 680 admota
1515 638 1756 679 incenditur
1790 640 1913 680 flam-

504 709 621 750 mula
657 707 811 748 lucida.
882 705 1111 747 Cdchleari
1148 713 1353 757 argenteo
1389 702 1583 755 impolita
1614 703 1664 742 ad
1694 703 1912 744 candelam

504 775 548 815 in
585 773 798 825 liquorem
835 783 966 822 aquae
1010 769 1223 818 similem,
1274 768 1326 807 ad
1371 768 1581 819 margines
1617 774 1757 806 tamen
1793 765 1912 807 breui

505 837 598 892 post
632 834 826 876 oleosum
862 842 904 872 et
941 831 1043 872 fusci
1079 831 1240 872 coloris
1278 829 1378 870 abit.

504 941 617 985 Οᾶο
653 942 743 982 eius
781 951 908 993 grana
942 937 1105 978 validae
1141 944 1183 976 et
1219 935 1438 976 diuturnae
1477 934 1661 975 coctioni
1687 947 1784 975 cum
1806 926 1913 990 aquit

505 1006 706 1047 destillata
742 1003 916 1052 subieci,
956 1013 1081 1054 quam
1117 999 1257 1054 postea
1292 999 1489 1039 filtratam
1525 998 1811 1052 reagentibus‚
1847 1000 1914 1039 so-

502 1070 667 1111 lutione
704 1067 904 1107 nimirum
940 1065 1082 1115 lunae,
1119 1063 1319 1103 mercurii
1355 1062 1471 1113 viui,
1503 1071 1657 1102 “terrae
1693 1063 1912 1115 pondero-

506 1134 571 1175 sae
627 1133 838 1182 nimime,
891 1128 1049 1170 sachari
1106 1127 1292 1177 saturni,
1344 1125 1452 1166 acidi
1506 1124 1695 1176 samari,
1749 1125 1913 1178 hepatis

504 1197 716 1252 sulphuris
739 1225 753 1247 ‚
807 1193 919 1235 succi
956 1192 1222 1245 heliotropii,
1259 1198 1302 1230 et
1337 1202 1444 1242 aqua
1479 1188 1609 1229 calcis‘
1641 1189 1914 1242 examinami,

505 1275 585 1303 nec
622 1260 884 1301 substantiam
920 1257 1037 1297 illam
1074 1256 1207 1296 vllum
1230 1265 1328 1294 cum
1358 1266 1462 1306 aqua
1494 1252 1753 1292 consortium
1783 1253 1913 1295 iniisse

507 1325 672 1379 reperi3
724 1325 781 1365 ita
815 1332 860 1363 vt
895 1321 1005 1362 salua
1041 1318 1177 1361 forma
1212 1318 1303 1358 eius
1340 1316 1591 1369 cristallina,
1643 1328 1736 1356 eam
1771 1326 1913 1359 tamen

506 1389 659 1431 salibus
697 1398 972 1430 annumerare
1007 1398 1095 1426 non
1130 1384 1269 1424 liceat.

376 1500 426 1554 e)
493 1497 634 1540 Alcali
671 1497 806 1538 fixum
841 1493 1113 1548 vegetabile,
1150 1500 1233 1532 tam
1271 1493 1457 1531 aetatum
1496 1501 1621 1542 quam
1657 1486 1912 1540 causticum‚

506 1563 549 1602 in
585 1562 670 1617 ipsa
705 1562 812 1603 adeo
849 1559 1060 1610 coctione,
1095 1556 1247 1597 effectu
1282 1555 1326 1594 in
1362 1565 1454 1593 eam
1492 1552 1613 1593 nullo
1648 1552 1849 1606 gaudent.

366 1670 431 1728 f)
497 1671 569 1712 Ab
625 1671 727 1711 oleo
778 1669 939 1710 vitrioli
986 1666 1174 1708 citiffime
1210 1663 1462 1718 placideque
1499 1660 1699 1708 soluitur3
1754 1658 1912 1700 solutio

379 2038 436 2091 g)

505 1735 610 1775 haec
648 1735 675 1774 fi
712 1747 841 1786 aquae
896 1732 1092 1785 guttatim
1129 1728 1371 1774 instilletur-3
1425 1725 1632 1778 guttulae,
1673 1724 1811 1763 forma
1846 1721 1912 1760 so·

509 1798 593 1839 lida
625 1798 673 1837 ad
706 1796 826 1836 instar
860 1795 1031 1843 resinae,
1068 1792 1243 1831 fundum
1282 1798 1447 1842 petunt,
1484 1799 1673 1839 moxque
1706 1786 1746 1824 in
1770 1785 1913 1838 super-

506 1862 603 1903 ficie
640 1860 886 1910 albescunt,
928 1868 970 1898 et
1007 1855 1143 1908 digito
1179 1853 1251 1893 sub
1289 1864 1395 1905 aqua
1429 1851 1471 1890 in
1506 1850 1729 1905 puluerem
1766 1849 1910 1890 album

507 1928 547 1967 ie
584 1926 661 1966 teri
697 1924 926 1979 patiuntur.

505 2033 616 2077 Cum
654 2032 795 2086 spiritu
840 2031 937 2071 nitri
975 2026 1163 2069 fumante
1200 2024 1371 2066 materia
1407 2024 1510 2065 hacc
1547 2021 1698 2062 leuiter
1733 2020 1910 2062 efferue:

507 2099 614 2146 scit3
660 2096 805 2137 adfuso
840 2093 1007 2147 insuper
1043 2093 1143 2133 oleo
1180 2089 1338 2131 vitrioli
1360 2117 1373 2140 ‚
1409 2088 1639 2129 vehemens
1678 2085 1811 2124 oritur
1847 2083 1909 2124 ef·

511 2161 784 2202 feruescentia
838 2171 934 2198 cum
989 2155 1136 2209 insigni
1192 2154 1332 2194 calore
1378 2161 1420 2191 et
1465 2149 1599 2192 rubris
1650 2148 1906 2201 vaporibus;

513 2238 616 2277 quae
656 2224 828 2277 quidem
864 2223 904 2262 in
943 2231 1175 2274 corporum
1212 2217 1457 2258 oleosorum
1494 2225 1590 2252 cum
1626 2213 1769 2265 (piritu
1808 2212 1906 2251 nitri

512 2289 700 2330 fumante
736 2287 955 2330 connubio
992 2283 1191 2327 consueta
1228 2282 1318 2323 sunt
1350 2281 1658 2338 phaenomena.
1726 2275 1908 2318 Materia

1809 2338 1910 2396 spu-
