2007 2702
836 190 990 218 ===
1023 173 1180 232 (264)
1214 191 1367 207 ···-

295 306 375 354 ‘pus
419 293 590 337 inflatur
633 303 944 346 nonnunquam
967 321 981 343 ,
1035 300 1082 332 vt
1116 289 1284 332 solitam
1330 289 1559 332 humanam
1593 291 1774 348 figuram
1808 309 1908 351 per-

297 364 400 411 dat,
454 358 614 399 vesicae
652 358 835 398 formam
873 358 962 398 fere
1007 357 1169 398 induat.
1257 355 1468 409 Idemque
1505 367 1527 395 a
1561 368 1662 408 pure
1697 359 1771 400 sub
1808 370 1906 403 cute

296 424 481 466 collecto
517 425 560 464 in
596 423 770 464 variolis
809 422 1127 464 confluentibus
1173 421 1356 476 peffimis
1401 420 1516 461 haud
1552 431 1646 461 raro
1682 423 1772 464 fieri
1809 424 1908 467 scri—

292 490 421 531 bitur.
490 488 609 530 Haec
646 502 668 529 a
704 488 822 530 cellis
862 497 1008 529 natura
1045 487 1239 528 formatis
1264 516 1277 539 ,
1332 485 1401 527 sua
1437 483 1617 526 naturali
1652 489 1908 539 magnitudi-

290 568 345 596 ne
383 553 750 607 circumscriptis,
787 566 882 594 aere
918 551 989 593 vel
1025 566 1133 607 aqua
1169 552 1238 592 vel
1274 564 1381 605 pure
1417 549 1590 605 repletis
1613 578 1628 603 ,
1681 551 1808 591 etiam
1842 567 1910 595 re-

289 619 524 675 pletiffimis
547 648 561 671 ,
613 628 756 660 tamen
793 618 885 658 fieri
923 631 1008 658 non
1047 617 1230 671 poss‘unt.
1314 615 1517 670 Denique
1556 615 1658 655 dum
1694 610 1910 659 laniorum

289 697 415 726 more
452 684 709 724 subcutanea
745 682 948 723 cellulosa
984 682 1154 723 inflatur
1176 711 1189 733 ,
1225 681 1296 722 vel
1331 694 1379 721 ea
1401 709 1414 733 ,
1452 692 1559 735 quae
1595 679 1812 721 musculos
1848 682 1911 723 in-

289 749 467 801 voluit,
506 749 608 803 quid
645 749 765 789 vides
804 747 877 787 nisi
915 746 1050 787 bullas
1089 746 1325 787 manifestas
1349 744 1369 785 [2
1410 745 1516 786 Non
1553 744 1636 786 tela
1673 745 1913 800 cellulosa,

293 814 467 868 qualem
502 812 636 865 vulgo
673 812 979 865 imaginamur,
1017 811 1087 851 sed
1124 822 1248 850 verae
1286 808 1426 850 bullae
1465 819 1692 864 apparent,
1728 811 1911 853 omnino

291 878 453 919 clausae
478 907 491 928 ,
544 876 679 930 figura
722 877 880 930 pariter
916 889 962 915 ac
1000 876 1294 929 magnitudine
1341 874 1527 916 diuersae
1551 904 1565 927 ,
1618 884 1665 916 vt
1701 877 1912 928 quaedam

292 943 366 984 oui
404 942 627 996 gallinacei
666 943 754 982 fere
801 938 1192 982 circumferentiam
1237 940 1357 993 saepe
1402 940 1619 992 habeant,
1672 939 1775 981 aliae
1816 940 1911 996 piso

289 1008 371 1049 sint
407 1008 595 1048 minores
619 1037 632 1059 ,
685 1007 788 1047 aliae
826 1006 900 1047 vix
937 1005 1102 1059 granuli
1140 1004 1482 1058 magnitudinem
1527 1013 1747 1057 aequent,
1802 1019 1911 1047 ocu—

290 1073 425 1126 loque
466 1083 628 1114 armato
650 1072 728 1112 fint
757 1071 1070 1118 obseruandae3
1111 1068 1479 1123 quemadmodum
1514 1069 1558 1108 in
1595 1068 1740 1122 spuma
1776 1083 1910 1125 aquae

289 1138 517 1192 ¹saponatae
554 1151 632 1191 pro
671 1137 823 1178 maiori
859 1135 928 1176 vel
967 1134 1124 1175 minori
1162 1133 1328 1186 saponis
1367 1132 1546 1174 admixti
1580 1134 1784 1186 portione
1820 1147 1911 1176 ma-

290 1203 462 1256 iorique
483 1202 553 1242 vel
591 1203 747 1242 minori
783 1201 882 1240 inde
918 1199 1123 1251 producta
1159 1198 1410 1250 tenacitate,
1448 1207 1490 1239 et
1523 1211 1604 1253 pro
1625 1199 1738 1240 varia
1775 1212 1910 1254 aquae

292 1267 525 1320 agitatione
572 1266 757 1306 maiores
802 1264 872 1304 vel
918 1263 1107 1302 minores
1146 1261 1287 1302 bullae
1335 1272 1554 1316 apparent.
1634 1262 1723 1320 Qui
1767 1263 1907 1306 bullae

285 1345 399 1385 ergo
436 1330 652 1372 eiusmodi
688 1328 858 1383 possunt
892 1341 972 1381 pro
1010 1326 1093 1368 tela
1131 1324 1333 1368 cellulosa
1370 1327 1558 1368 haberi?

488 1426 523 1480 ᾗ.
560 1441 604 1477 9.
673 1425 822 1479 Itaque
860 1424 963 1465 haec
1001 1423 1111 1478 ipsa,
1150 1423 1305 1478 quibus
1344 1423 1485 1464 fulciri
1522 1424 1629 1465 solet
1665 1426 1909 1468 communis

290 1491 441 1547 opinio
481 1493 532 1532 de
570 1490 771 1531 cellulosa
808 1490 926 1541 tela,
962 1499 1004 1530 et
1042 1502 1148 1542 quae
1186 1501 1266 1542 pro
1303 1489 1564 1541 argumentis
1602 1490 1790 1531 veritatis
1827 1491 1910 1531 hu-

290 1558 355 1598 ius
401 1556 618 1610 opinionis
666 1557 922 1606 traduntur,
977 1567 1070 1595 cam
1114 1553 1300 1594 refutare
1347 1553 1491 1607 potius
1531 1562 1574 1593 et
1617 1562 1811 1594 euertere
1845 1554 1911 1594 vi-

292 1623 381 1663 des.
452 1621 537 1663 Sed
577 1621 676 1675 quid
715 1619 974 1674 argumentis
1020 1631 1130 1674 opus
1175 1618 1265 1670 est,
1319 1618 1491 1658 aliunde
1536 1618 1713 1672 petitis,
1767 1627 1809 1659 et
1845 1632 1911 1660 ra-

291 1687 516 1738 tionibus,
571 1686 717 1727 alienis
765 1684 1138 1725 obseruationibus
1185 1682 1505 1737 superstruffis,
1560 1696 1657 1724 cum
1706 1683 1908 1725 cellulosa

290 1749 511 1790 substantia
558 1750 677 1802 ipsa,
728 1749 889 1804 vbiquc
938 1748 1067 1790 obuia
1102 1748 1183 1801 fit,
1241 1762 1346 1802 quae
1385 1748 1523 1788 oculis
1560 1749 1684 1802 poffit
1719 1747 1907 1802 conspici

292 1824 336 1855 et
373 1813 580 1855 manubiis
619 1812 822 1854 tractari?
878 1827 983 1866 quae
1029 1813 1267 1854 inermibus
1314 1813 1469 1866 pariter
1511 1822 1670 1867 atque,
1725 1812 1753 1853 fi
1796 1825 1906 1868 opus

291 1879 381 1931 cst,
435 1879 603 1920 armatis
650 1878 887 1933 perlustrari
925 1888 968 1918 et
1006 1878 1185 1932 disquiri
1223 1877 1385 1931 possit?
1441 1877 1563 1919 Hanc
1600 1879 1730 1932 ipsam
1767 1891 1905 1932 ergo,

290 1945 350 1983 vti
388 1945 430 1984 in
467 1944 593 1986 variis
631 1944 771 1995 locis,
808 1943 918 1983 inter
954 1942 1204 1995 musculos,
1242 1942 1313 1982 sub
1351 1952 1482 1997 cute,
1526 1944 1577 1985 ad
1623 1943 1826 1996 arterias,
1862 1941 1901 1981 se

290 2009 444 2052 habeat
466 2039 479 2062 ,
517 2009 850 2050 consideremus.

489 2106 524 2159 ξ.
569 2120 637 2146 10.
710 2105 752 2147 Si
792 2107 897 2147 duae
944 2107 1195 2161 portiones,
1233 2116 1303 2146 aut
1340 2107 1524 2148 fasciculi
1563 2107 1677 2157 duo,
1722 2100 1897 2143 musculi

293 2170 468 2211 alicuius
525 2171 670 2225 (Tab.
709 2171 812 2212 VH.
851 2171 922 2224 fig.
967 2185 1004 2210 1.
1043 2185 1082 2210 a.
1121 2169 1182 2223 b.)
1236 2171 1307 2211 fibi
1347 2183 1531 2223 mutuo,
1568 2180 1614 2211 vt
1652 2167 1821 2216 solent,
1855 2165 1897 2206 in

293 2235 547 2287 corporibus
585 2236 796 2289 imprimis
836 2236 975 2276 minus
1015 2235 1170 2286 obesis,
1209 2237 1427 2289 contigui,
1465 2230 1720 2289 (Tab.V11.
1758 2229 1830 2283 fig.
1860 2243 1898 2271 1.

289 2313 326 2344 c.
363 2300 428 2352 c.)
485 2301 943 2355 conglutinantemque
998 2300 1264 2342 substantiam
1317 2304 1429 2343 inter
1473 2302 1510 2340 sc
1555 2295 1895 2352 abscondentes,

1758 2358 1900 2400 modi-
