2007 2702
627 236 1157 282 HISTolizE.
1630 250 1683 289 ss

300 363 425 406 quam
461 350 674 403 citiffime,
726 351 897 392 alcohol
933 351 1019 391 vini
1055 350 1182 403 paulo
1220 349 1400 401 tardius,
1449 348 1574 390 soluit
1608 351 1689 400 ita,

298 424 353 471 vt·
378 415 604 469 epidermis
642 415 786 456 colore
831 414 928 456 albo
970 415 1138 468 prorsus
1176 413 1366 454 destituta
1400 422 1441 454 et
1474 414 1687 468 pellucida

296 478 622 532 relinqueretur.

173 604 220 659 c)
286 603 365 644 His
401 605 655 656 obseruatis,
706 604 936 657 naphtham
971 611 1014 643 et
1048 602 1220 643 alcohoi
1257 603 1344 642 vini
1378 604 1430 644 ad
1471 603 1690 645 saturatio·

298 679 395 707 nem
428 680 561 721 vsque
597 668 770 708 materia
802 667 872 707 ista
907 666 998 707 alba
1041 667 1330 719 impraegnare
1374 669 1559 718 tentaui,
1610 667 1691 706 im-

297 743 493 783 mergens
528 731 578 771 iis
615 731 820 771 continuo
866 742 1023 770 nouam
1058 729 1390 782 epidermidem,
1442 730 1580 770 donec
1617 742 1692 770 co-

299 792 368 832 lor
402 793 518 833 albus
555 793 859 843 cuticularum,
896 805 997 845 quas
1033 783 1186 832 vltimo
1222 792 1271 833 iis
1308 792 1516 843 immerfi,
1552 793 1691 832 illiba-

299 863 365 894 tus
384 865 644 906 remaneret,
682 868 765 909 quo
787 854 919 905 fasto,
954 855 996 893 in
1034 854 1316 895 solutionibus
1353 855 1556 896 ambabus
1591 868 1690 909 per-

296 917 422 967 inde,
458 930 505 957 ac
538 918 581 956 in
617 918 827 956 solutione
864 918 1059 957 materiae
1097 917 1213 957 albae
1251 917 1494 958 cristallinae
1530 918 1587 970 (§.
1619 919 1687 970 3),

297 979 556 1031 spiculorum
592 978 691 1019 hinc
729 980 826 1018 inde
863 979 1093 1018 natantium
1118 980 1285 1018 colores
1320 980 1590 1031 prismaticos
1613 994 1689 1021 ex-

297 1042 536 1082 hibentium
588 1041 904 1081 multitudinem
967 1042 1254 1093 microscopio
1305 1042 1500 1082 aduersus
1554 1043 1690 1083 solem

298 1104 523 1157 conspexi:
575 1105 617 1145 id
655 1105 770 1157 quod
807 1117 899 1145 mea
935 1105 1106 1157 quidem
1142 1104 1343 1144 sententia
1379 1105 1688 1146 euidentiffimo

293 1168 348 1208 est
393 1169 676 1218 documento,
732 1169 948 1208 materiam
992 1168 1098 1208 hanc
1143 1167 1279 1207 albam
1314 1167 1691 1221 puluerulentam,

297 1230 365 1271 cui
402 1230 587 1283 stirpium
621 1231 797 1271 Betulae
835 1231 952 1271 albus
996 1232 1068 1271 ille
1112 1232 1235 1270 color
1271 1230 1471 1281 debetur,
1523 1242 1566 1272 et
1599 1246 1689 1273 ma-

296 1293 442 1333 teriam
495 1294 631 1334 albam
682 1294 796 1334 istam
840 1295 882 1333 vi
924 1295 1031 1347 ignis
1075 1293 1369 1335 cristallis-atam
1410 1307 1536 1335 vnam
1588 1309 1687 1337 ean-

297 1356 481 1410 demque
517 1358 598 1397 esse
633 1356 910 1398 substantiam.

167 1483 220 1537 d)
286 1482 509 1526 Solutione
563 1484 774 1537 naphthae
828 1484 1085 1527 adminiculo
1138 1484 1240 1525 fasta
1293 1492 1336 1525 et
1377 1484 1420 1525 in
1471 1484 1686 1526 cochleari

292 1557 493 1601 argenteo
529 1549 669 1588 calore
705 1548 879 1588 modico
916 1550 967 1589 ad
1003 1549 1232 1588 ficeitatem
1268 1561 1402 1601 vsque
1438 1557 1686 1601 euaporata,

292 1610 337 1649 in
372 1611 584 1650 cochleari
618 1611 865 1651 remanebat
908 1612 1041 1651 soluta
1075 1611 1145 1650 illa
1180 1610 1356 1649 materia
1390 1609 1504 1661 alba,
1549 1611 1686 1651 forma

293 1670 482 1724 pulueris
527 1674 634 1723 albi,
685 1674 802 1712 cuius
848 1683 991 1713 natura
1026 1672 1243 1712 cristallina
1280 1672 1415 1713 oculis
1453 1673 1574 1713 nudis
1611 1687 1688 1713 co-

294 1734 437 1785 gnosci
481 1736 635 1786 potuit.
720 1735 840 1775 Idem
881 1737 924 1775 in
968 1735 1179 1776 solutione
1224 1736 1421 1776 materiae
1456 1737 1563 1789 ignis
1601 1750 1683 1791 ope

293 1795 566 1837 cristallisatae
602 1797 834 1837 obseruaui.

165 1918 214 1973 e)
279 1920 455 1961 Affritftu
499 1922 583 1962 leni
626 1923 848 1976 puluerem
891 1923 1032 1964 album
1078 1924 1353 1977 epidermidis
1390 1924 1565 1965 Betulae
1611 1926 1684 1965 de-

292 1983 384 2023 tersi
421 1977 629 2026 mediante
674 1986 790 2026 serici
827 1987 933 2040 nigri
970 1987 1170 2039 frustulo,
1217 1988 1333 2040 quod
1366 1988 1529 2038 :deinde
1566 1998 1683 2028 tanto

290 2047 399 2098 ignis
453 2049 581 2087 calori
626 2049 825 2101 exposui,
879 2050 1133 2103 puluisculus
1189 2050 1307 2090 albus
1359 2051 1396 2090 ei
1448 2051 1681 2091 adhaerens

294 2118 341 2149 vt
383 2122 589 2162 vaporum
644 2112 780 2153 forma
821 2114 990 2154 auolare
1034 2114 1266 2168 inciperet,
1325 2125 1410 2165 quo
1455 2113 1588 2165 fasto,
1638 2115 1683 2154 in

290 2171 407 2212 serici
462 2172 678 2226 superficie
728 2181 924 2217 materiae
976 2177 1117 2227 albae,
1169 2177 1247 2225 hac
1299 2175 1342 2214 in
1395 2176 1678 2217 diflertationc

291 2235 545 2291 descriptae,
599 2238 857 2293 deprehendi
899 2241 1214 2294 vegetationem
1260 2238 1522 2282 cristallinam
1557 2254 1682 2294 pror-

1614 2303 1677 2343 sus
