2007 2702
251 195 312 239 54
780 173 1322 220 HISTOIRE.

254 298 374 341 dinis
411 293 742 353 proprietatibus
781 291 1020 346 praeditae,
1057 302 1158 344 quas
1194 290 1237 331 in
1273 287 1359 343 ipsa
1394 288 1566 330 materia
1601 288 1737 329 nostra
1773 287 1855 328 cri-

254 363 415 405 stallina
451 363 560 415 iguis
597 370 680 412 ope
718 356 892 397 obtenta
929 354 1168 396 obseruaui.
1235 353 1307 395 Ex
1345 365 1430 407 quo
1468 353 1641 405 quidem
1678 351 1857 392 manife-

256 428 322 469 stis
361 426 526 467 indiciis
565 432 707 478 patere
745 420 850 460 mihi
885 419 1071 470 videtur,
1107 420 1326 460 materiam
1362 416 1475 456 istam
1497 418 1575 457 effe
1597 430 1744 457 reuera
1764 428 1862 469 par·

261 502 348 533 tem
387 488 700 531 constitutiuam
737 484 1014 538 epidermidis
1052 483 1225 524 corticis
1249 480 1445 528 Betulae,
1482 492 1560 520 nec
1595 482 1704 534 ignis
1740 481 1782 519 in
1811 492 1862 520 ea

261 555 483 597 formanda
519 552 599 592 effe
636 550 758 591 aliam
796 557 978 605 partem,
1022 546 1097 588 nifi
1135 547 1252 602 quod
1290 543 1628 588 cristallisationis
1665 545 1751 587 eius
1790 543 1863 584 ad-

263 619 520 661 miniculum
555 616 616 657 fit.

461 751 609 804 Atque
664 748 748 789 hoc
801 746 901 787 loco
955 756 1092 797 neque
1144 742 1188 783 id
1234 740 1401 783 filentio
1444 735 1872 794 praetermittendum

272 818 352 861 effe
388 816 582 864 videtur,
619 811 848 860 cuticulaS,
896 809 947 848 de
986 806 1139 860 quibus
1175 805 1262 845 hoc
1298 804 1563 860 paragrapho
1600 803 1738 844 sermo
1775 800 1874 855 fuit,

273 896 381 936 aqua
425 879 618 921 excoctas
641 904 655 925 .‚
709 884 751 914 et
787 870 914 913 furno
950 871 1086 924 probe
1122 869 1289 910 siccatas
1327 870 1434 910 adeo
1471 868 1588 908 fuiss'e
1624 866 1837 907 electricas
1859 894 1874 917 ,

271 956 320 988 vt
355 943 549 985 manibus
587 939 733 980 aliisue
771 934 1022 988 corporibus
1061 946 1148 973 non
1186 932 1391 973 electi-icis
1429 930 1699 985 pertinaciter
1725 939 1768 973 et
1786 938 1876 971 tan-

275 1018 317 1051 ta
351 1009 393 1050 vi
430 1008 728 1053 adhaererent,
764 1013 810 1040 ac
845 999 874 1039 fi
909 998 1076 1052 penitus
1114 995 1254 1037 adhuc
1290 995 1454 1037 fuifl‘ent
1488 995 1698 1037 madidae.

473 1133 510 1187 ᾗ.
550 1134 591 1172 6.
662 1128 775 1172 Cum
814 1125 986 1169 materia
1021 1124 1178 1167 haecce
1215 1123 1437 1166 cristallina
1473 1136 1565 1165 non.
1597 1122 1671 1164 nisi
1706 1134 1761 1163 ex
1787 1134 1885 1164 cor-

281 1201 376 1242 ticis
411 1196 589 1240 Betulae
628 1193 893 1248 epidermide
931 1191 1116 1232 obtineri
1155 1199 1303 1242 queat3
1349 1190 1457 1230 hanc
1493 1189 1625 1243 ipsam
1661 1187 1886 1228 materiam

281 1263 454 1320 pulchri
491 1270 533 1301 et
569 1258 775 1310 albiffimi,
822 1269 906 1310 quo
943 1255 1120 1296 Betulae
1157 1253 1300 1308 stirpes
1337 1253 1557 1307 gaudent,
1609 1252 1768 1293 coloris
1805 1250 1887 1291 ess‘e

287 1328 483 1377 cauffam,
521 1334 614 1365 nara
650 1323 754 1363 mihi
790 1320 967 1373 suspicio
1003 1319 1080 1365 est;
1120 1318 1238 1358 cuius
1276 1319 1337 1357 rei
1374 1318 1594 1358 veritatem
1617 1316 1891 1369 experimen-

287 1394 340 1435 tis
380 1388 652 1445 sequentibus
694 1395 810 1430 extra
846 1397 976 1425 omne
1014 1382 1192 1423 dubium
1227 1381 1333 1422 mihi
1368 1381 1545 1435 posuisse
1579 1379 1763 1420 videor:

354 1488 413 1542 a)
480 1487 558 1528 Me
598 1484 849 1526 obseruante
886 1489 1039 1522 cortex
1073 1478 1322 1520 Betularum
1359 1476 1555 1518 colorem
1591 1476 1712 1516 suum
1747 1473 1893 1516 album

490 1549 692 1590 materiae
729 1549 899 1589 cuidam
935 1544 1062 1586 debet
1096 1543 1348 1595 albiffimae,
1386 1555 1492 1595 quae
1529 1541 1770 1594 cuicunque
1805 1538 1898 1593 epi-

489 1612 674 1654 dermidi
696 1640 710 1663 ,
763 1612 882 1652 cuius
924 1623 983 1660 24
1016 1608 1135 1648 strata
1169 1607 1243 1648 fibi
1281 1606 1535 1659 superposita
1570 1603 1818 1654 numeraui,
1853 1602 1899 1642 in

489 1676 711 1730 superficie
756 1674 960 1730 superiori
1002 1671 1177 1726 pollinis
1214 1669 1462 1710 subtiliffimi
1499 1668 1637 1709 forma
1671 1677 1757 1708 tam
1792 1666 1902 1707 leui-

494 1749 559 1780 ter
594 1740 823 1791 adhaeret,
856 1748 904 1779 vt
939 1737 1027 1777 leui
1062 1735 1297 1789 digitorum
1333 1734 1434 1774 tritu
1471 1733 1632 1785 detergi
1669 1731 1805 1785 poffit.

369 1837 426 1893 h)
493 1834 785 1891 Epidermidis
823 1832 1047 1874 albissimae
1091 1830 1133 1870 in
1179 1838 1262 1869 tres
1315 1836 1452 1881 partes
1508 1826 1727 1878 dissectae,
1776 1836 1907 1866 vnam

502 1913 659 1954 aquae,
716 1898 890 1939 alteram
936 1893 1150 1949 naphthae
1194 1891 1325 1943 aceti,
1378 1891 1545 1931 tertiam
1590 1887 1782 1931 alcoholi
1817 1888 1909 1930 vini

502 1963 713 2013 immersi,
750 1970 797 2002 vt
832 1959 1131 2014 explorarem,
1176 1966 1317 1998 vtrum
1354 1955 1483 1995 fluida
1518 1955 1621 1996 haec
1657 1954 1700 1994 in
1737 1952 1912 1994 materi-

505 2041 575 2071 am
619 2027 754 2068 modo
800 2025 949 2065 diCtam
987 2022 1153 2074 albam,
1207 2033 1287 2075 qua
1331 2020 1488 2073 tegitur
1522 2017 1782 2074 epidermis,
1835 2028 1912 2056 eo-

509 2094 607 2134 dem
645 2091 779 2132 modo
815 2088 854 2128 se
890 2088 967 2128 fint
1001 2085 1218 2135 habitura,
1253 2097 1299 2125 ac
1334 2084 1376 2123 iu
1415 2083 1557 2135 illam,
1612 2094 1718 2134 quae
1756 2079 1910 2121 caloris

509 2153 772 2198 adminiculo
817 2150 1108 2194 cristallisatur.
1193 2148 1490 2202 Experimenti
1535 2155 1713 2187 euentus
1765 2156 1916 2185 reuera

511 2221 762 2273 opinionem
807 2229 945 2258 meam
980 2213 1312 2268 icomprobauiu
1364 2212 1570 2266 ssquidem
1607 2222 1713 2263 aqua
1748 2208 1918 2249 nullum

515 2283 639 2339 plane
684 2283 725 2323 in
769 2295 862 2324 eam
907 2280 1104 2324 effectum
1146 2276 1356 2332 exseruit,
1408 2274 1595 2331 naphtha
1638 2281 1779 2316 autem
1824 2283 1919 2313 eam

1792 2347 1919 2391 quam
