2007 2702
291 222 355 262 74
825 198 1367 245 HISTOIRE

292 334 385 364 rem
421 320 504 361 νεῖ
509 326 752 370 ementem,
807 329 935 372 quem
972 316 1087 359 hisce
1122 313 1355 357 substantiis
1395 314 1575 370 debent,
1621 316 1768 360 addito
1802 317 1899 374 pul-

293 399 395 428 were
432 385 668 427 carbonum
704 381 839 423 statim
875 390 918 423 et
951 382 1121 437 penitus
1159 381 1372 422 amittunt.

1016 489 1178 544 Opium.
1486 501 1509 523 α

490 573 526 627 §.-
567 582 638 622 53.
708 570 879 614 solutio
903 568 1057 624 aquosa
1085 568 1192 623 opii,
1227 567 1256 609 fi
1291 568 1330 609 ei
1364 568 1475 609 inter
1504 566 1743 611 cocstionem
1782 571 1905 613 ebul·-

295 637 418 681 lienti
454 637 623 680 additur
668 636 904 677 carbonum
947 634 1122 688 puluis,
1175 634 1312 675 odore
1349 646 1530 688 quoquo
1574 633 1648 674 suo
1685 637 1903 679 narcotico

301 717 427 759 quam
465 701 761 758 perfeftiffime
796 701 1004 756 priuatus,
1027 712 1114 753 quo
1135 697 1245 741 facto
1280 711 1358 754 per
1392 698 1553 739 filtrum
1590 697 1713 740 facile
1736 708 1779 742 et
1812 702 1903 756 pel-

301 769 445 811 lucida
481 767 636 809 tranfit.

1021 856 1055 898 V
1057 859 1176 899 inum.

499 938 536 992 ᾗ.
578 947 652 989 54.
719 937 836 979 Vina
871 945 957 978 tam
1000 935 1127 976 rubra
1172 947 1301 989 quam
1347 935 1442 977 alba
1486 934 1743 978 carbonibus
1787 950 1912 992 pror-

302 1004 366 1047 sus
405 1003 727 1046 decolorantur.

737 1110 910 1165 Effi’ntia
945 1111 1131 1151 corticum
1168 1109 1456 1150 aurantiormn

498 1190 534 1245 ᾗ.
573 1201 644 1241 55.
713 1188 762 1230 In
799 1189 993 1230 essentiae
1031 1187 1242 1229 corticum
1279 1186 1570 1228 aurantiorurn
1607 1173 1687 1228 nec
1731 1187 1913 1232 odorem
1976 1235 1984 1243 ,

305 1269 447 1313 neque
482 1256 682 1299 colorem
716 1254 955 1297 carbonum
989 1253 1121 1294 vllam
1155 1253 1245 1293 vim
1281 1251 1387 1292 vidi

850 1365 887 1407 A
893 1364 959 1421 bsy
961 1363 1123 1407 nthutm.
1195 1363 1361 1405 Crocus.

501 1445 538 1500 ᾗ.
579 1424 652 1495 56.
736 1444 922 1487 Effentia
957 1444 1167 1497 absynthii
1203 1443 1386 1497 fimplex
1420 1441 1617 1483 colorem
1653 1449 1696 1482 et
1731 1443 1914 1485 odorem

308 1511 547 1554 carbonum
582 1511 623 1553 vi
661 1512 816 1552 amittit
849 1511 994 1566 plane..
1030 1509 1181 1551 'Idem
1217 1508 1375 1551 accidit
1411 1507 1600 1549 tineruris·
1638 1508 1755 1550 croci
1797 1508 1916 1564 spiri-

309 1579 453 1619 tuosae
490 1585 533 1617 et
569 1575 763 1631 aquosae.

438 1683 606 1740 Lignum
629 1685 834 1740 samalum
869 1682 1056 1737 rubrum,
1112 1681 1347 1724 coccionella
1382 1690 1418 1723 ct
1451 1682 1602 1736 gummi
1635 1680 1787 1723 Iaccae.

507 1776 541 1829 ᾗ.
581 1787 653 1827 57.
729 1777 964 1817 Τίηξὶιιττιε
1014 1776 1164 1816 rubrae
1209 1776 1390 1828 aquosae
1435 1782 1478 1812 et
1524 1772 1767 1825 spirituosae
1812 1773 1920 1828 ligni

314 1841 458 1884 sautali
502 1840 651 1892 rubri,
707 1841 999 1881 coccionellae
1046 1849 1089 1878 et
1131 1839 1296 1892 gummi
1340 1838 1503 1878 Laecae
1541 1835 1689 1877 colore
1732 1837 1806 1878 suo
1842 1851 1919 1892 per

315 1907 520 1948 carbones
558 1904 726 1960 prorsus
766 1906 1014 1959 priuautur3
1068 1916 1148 1957 qua
1184 1902 1437 1954 occasione,
1473 1901 1514 1941 iu
1554 1901 1723 1943 colores
1760 1903 1922 1956 potiffi·

315 1985 436 2014 mum
471 1971 624 2014 rubros
662 1970 856 2012 exserere
894 1969 1098 2011 carbones
1135 1968 1223 2008 vim
1261 1967 1407 2019 suam,
1444 1967 1683 2008 notandum
1719 1967 1791 2008 est.

941 2077 1057 2130 Aqua
1094 2078 1253 2116 aerata.

510 2156 543 2207 ς.
586 2165 656 2204 58.
725 2154 853 2208 Aqua
903 2157 1073 2205 aerata,
1129 2154 1270 2194 addita
1307 2152 1542 2193 carbonum
1579 2150 1718 2191 debita
1758 2152 1921 2204 quanti—

318 2227 434 2268 tate,
488 2222 581 2260 acre
618 2220 690 2260 suo
728 2220 818 2260 fixo
855 2219 986 2260 statim
1025 2219 1216 2274 priuatur
1251 2218 1367 2260 omui
1390 2247 1403 2271 .,
1457 2218 1545 2269 ita,
1598 2225 1643 2255 vt
1687 2216 1728 2255 in
1767 2229 1919 2270 aquam

318 2282 444 2325 calcis
481 2283 567 2325 iam
601 2285 645 2325 vi
679 2286 860 2338 gaudeat
897 2285 1024 2326 nulla.

1804 2376 1921 2430 Aqua
