2007 2702
853 219 1005 233 --
1041 202 1200 259 (176)
1232 217 1384 232 ···—

514 337 554 374 3.
603 319 717 373 Cum
752 322 910 376 primas
947 320 1222 377 aequationes
1261 319 1558 362 differentiales
1597 321 1920 376 generalissimas

315 390 598 448 prodidisset,
652 401 758 429 mox
793 387 849 429 ob
888 387 1062 428 nimiam
1102 385 1397 428 difficultatem
1442 385 1717 438 problematis
1756 387 1923 428 oscilla-

318 459 455 497 tioncs
494 454 794 507 statuitquam
833 452 1064 504 ninimas,
1100 453 1190 494 imo
1228 464 1412 506 corpora
1448 449 1490 490 A
1528 458 1571 490 et
1603 450 1638 490 B
1661 483 1673 502 7
1710 452 1832 493 nobis
1868 451 1922 492 M

315 532 357 562 et
393 522 433 562 N
473 520 613 573 dieia,
666 518 857 573 aequalia
894 517 1049 571 ponit,
1086 518 1196 558 vnde
1234 517 1360 558 etiam
1397 514 1529 556 tensio
1573 513 1668 567 fili,
1721 529 1846 571 quam
1882 517 1920 559 Π

316 585 577 628 vocabamus
599 614 612 638 7
650 597 712 622 ῖ-
733 584 777 624 Α
797 597 859 623 Ξ
879 583 929 625 B.
970 582 1077 637 (vid.
1116 582 1166 637 §.-
1190 582 1271 636 7.).

506 696 550 733 4.
619 680 822 722 Peruenit
857 690 957 722 tunc
996 680 1061 734 (ᾗ.
1104 680 1198 734 10.)
1236 679 1287 720 ad
1323 678 1625 732 aequationem
1665 668 1919 723 differentia-

314 747 400 788 lem
439 746 608 787 fecundi
645 746 841 797 ordinis,
879 759 985 799 quae
1023 746 1122 786 ideo
1160 754 1321 786 tantum
1360 758 1382 784 a
1419 743 1556 783 nostra
1594 742 1769 795 differt,
1817 756 1922 796 quo-

312 812 425 853 niam
462 812 563 851 loco
601 810 836 864 applicatae
874 810 1073 850 minimae
1105 823 1139 860 y
1176 808 1418 849 introduxit
1452 806 1658 860 angulum
1695 806 1922 849 minimum

302 880 363 927 ἠ,
402 888 530 930 quem
570 874 727 915 format
763 874 885 914 filum
923 887 1022 914 cum
1058 873 1169 915 linea
1205 872 1426 914 verticuli:
1473 872 1582 914 hanc
1620 872 1922 926 aequationem

306 941 354 981 'in
391 940 540 981 ieriem
579 939 794 980 conuertit
838 938 1073 981 secuudum
1116 937 1344 993 potestates
1390 938 1599 992 temporis
1638 938 1922 992 progredien-

309 1014 396 1046 tem
420 1035 434 1058 ,
471 1017 578 1060 quae
615 1004 791 1059 ponitur
826 1018 947 1053 Ξη.

506 1112 547 1152 5.
618 1101 924 1143 Substitutione
972 1101 1154 1156 quadam
1203 1097 1410 1154 (§.12.)
1456 1096 1731 1140 transformat
1766 1111 1922 1153 aequa·

310 1167 475 1208 tionem
513 1167 876 1219 differentialem,
930 1166 1186 1218 duciturque
1224 1164 1275 1205 ad
1313 1164 1437 1205 aliam
1477 1163 1603 1217 primi
1641 1162 1836 1214 ordinis⁷
1880 1169 1922 1202 et

312 1233 476 1273 formae
514 1231 819 1282 Riccatianae,
872 1240 915 1269 et
951 1231 1040 1271 eius
1081 1230 1252 1282 quidem
1277 1259 1290 1280 ‚
1347 1242 1472 1282 quam
1519 1228 1640 1269 nullo
1678 1228 1812 1268 modo
1849 1227 1924 1267 ada·

309 1296 395 1338 huc
441 1296 613 1336 tradiare
659 1295 814 1343 licuit3
871 1295 983 1335 vnde
1034 1293 1288 1345 concludit,
1343 1294 1746 1334 determinationem
1793 1291 1921 1332 huius

309 1370 454 1401 motus
501 1360 784 1411 oscillatorii‚
841 1372 926 1413 quo
973 1372 1155 1412 corpora
1191 1358 1232 1398 A
1269 1367 1312 1398 et
1348 1358 1382 1398 B
1427 1359 1616 1410 aequalia
1663 1357 1922 1408 ciebantur,

313 1425 414 1466 dum
452 1424 574 1465 filum
610 1423 883 1466 vniformiter
921 1423 1043 1479 super
1078 1422 1293 1464 trochleas
1331 1432 1653 1477 promouetur,
1705 1436 1785 1475 pro
1828 1419 1923 1462 casu

312 1490 532 1545 desperato
569 1490 648 1530 effe
687 1488 942 1530 habendam.

508 1590 550 1627 6.
619 1585 666 1628 In
705 1586 744 1641 ἦ.
783 1599 853 1636 13.
891 1585 1069 1628 exhibet
1109 1584 1284 1639 quidem
1319 1582 1512 1624 valorem
1548 1580 1800 1635 integralem
1837 1589 1920 1623 ter-

309 1651 434 1691 minis
471 1650 635 1704 finitis,
685 1662 724 1693 at
760 1665 866 1693 vero
904 1651 1206 1693 tantummodo
1244 1649 1660 1703 appropinquantem
1683 1675 1697 1701 7
1743 1644 1840 1687 cum
1875 1646 1920 1687 in

310 1717 598 1770 integratione
637 1727 805 1771 tempus
841 1730 921 1772 pro
959 1715 1163 1757 constanti
1199 1715 1328 1755 fuerit
1365 1715 1602 1755 assumtum.

508 1826 548 1864 ἡ.
619 1812 723 1853 ins
708 1838 739 1865 >-
767 1816 836 1852 16.
874 1822 916 1853 et
953 1812 1068 1866 seqq.
1106 1812 1251 1853 traftat
1287 1809 1399 1851 casus
1442 1810 1678 1865 quosdam,
1713 1807 1785 1849 vbi
1823 1821 1920 1850 cor-

314 1888 417 1930 pora
454 1875 495 1916 A
532 1887 573 1916 et
609 1878 642 1918 B
688 1877 782 1917 sunt
825 1877 1095 1930 inaequalia,
1149 1885 1191 1916 et
1228 1875 1381 1928 quibus
1426 1886 1593 1929 praeter
1630 1886 1804 1915 omnem
1843 1886 1921 1914 ex·

315 1942 634 1994 peeiationem7
686 1942 857 1996 iuquit,
910 1952 1079 1982 motum
1126 1939 1304 1980 definire
1351 1940 1466 1981 licet.
1542 1939 1764 1980 Eruuntur
1799 1939 1828 1978 ii
1863 1949 1916 1978 ex

312 2005 411 2046 i'erie
438 2037 450 2057 .,
505 2007 554 2047 de
595 2020 675 2061 qua
713 2006 833 2062 supra
870 2007 1093 2057 diximus,
1133 2018 1238 2059 quae
1275 2006 1507 2046 secundum
1544 2005 1769 2059 potestates
1808 2013 1913 2041 tem-

314 2072 431 2122 poris
479 2072 758 2124 progrediens
807 2072 986 2113 exhibet
1029 2070 1221 2111 valorem
1268 2071 1447 2124 auguli,
1505 2083 1633 2124 quem
1676 2064 1912 2123 pendulum

313 2148 409 2173 ewn
448 2137 638 2175 iesticali
686 2136 828 2176 efficit.
900 2136 1012 2178 Cum
1050 2137 1164 2176 enim
1210 2134 1332 2176 series
1375 2135 1520 2190 quauis
1558 2135 1650 2175 vice
1687 2131 1913 2182 abrumpa-

314 2209 403 2247 tur,
441 2201 611 2250 quando
650 2201 940 2242 co'c‘fficientes
978 2201 1295 2253 terminorum,
1332 2213 1438 2241 vnus
1477 2199 1568 2254 post
1603 2197 1806 2244 alterum,
1844 2207 1912 2234 ae-

316 2263 457 2315 quan«
509 2265 643 2305 nihilo
691 2266 951 2317 statuantur,
1005 2265 1273 2306 deducuntur
1316 2267 1415 2306 inde
1459 2263 1645 2304 infinitae
1680 2259 1911 2300 relationes

310 2339 542 2381 c‘’sl“orum
581 2329 621 2369 A
658 2340 698 2369 et
734 2331 803 2384 B,
860 2330 1010 2386 quibus
1049 2330 1256 2385 integrale
1294 2331 1469 2372 definire
1509 2326 1666 2367 liceat:
1721 2323 1910 2366 animad-

1812 2399 1910 2429 ver-
