2007 2702
684 192 835 208 ·····-
867 175 1022 233 (249)
1056 192 1206 208 --·

343 294 411 349 4.)
479 290 562 335 Sed
606 291 780 334 fortaffis
827 292 1042 334 videbitur
1084 293 1156 334 illa
1197 301 1394 335 notarum
1430 293 1635 337 deriuatio
1672 309 1741 337 ac-

155 359 379 416 cipienda,
435 369 539 412 quae
575 370 598 398 a
634 357 795 398 Natura
830 356 980 411 lapidis
1017 368 1206 398 montem
1245 359 1533 400 constituentis
1555 388 1567 412 ‚
1611 360 1740 401 sumi-

154 435 235 467 tur.
303 423 372 466 Sic
408 435 446 462 e.
482 435 521 476 g.
557 434 705 474 parum
739 421 936 463 Schoerli
973 424 1160 464 occurrit
1193 423 1235 462 in
1273 423 1435 465 Schisto
1470 423 1743 477 Argillaceo‚

152 490 196 530 in
232 487 395 531 schisto
433 498 688 539 margaceo,
722 485 764 526 in
800 485 1022 527 Marmore
1044 516 1058 537 ‚
1096 487 1275 542 Gypso,
1311 497 1407 527 cote
1444 489 1659 540 arenario,
1703 497 1746 528 et

151 554 197 595 in
231 549 472 593 vniuersum
507 562 607 590 cum
643 549 874 591 Schoerlus
911 563 933 590 e
969 550 1161 603 pluribus
1208 550 1328 590 terris
1373 552 1600 604 primitiuis
1643 565 1748 593 con-

153 617 263 669 stet,
296 615 430 656 rarior
464 615 506 653 in
542 613 754 666 lapidibus
789 614 1056 667 simplicioris
1096 613 1441 667 compositionis5
1478 615 1637 670 saepius
1675 630 1750 658 au-

154 689 242 720 tem
277 679 320 719 in
355 677 571 718 montibus
617 677 878 730 primitiuis‚
934 690 1059 730 quam
1100 676 1409 719 recentioribus
1432 706 1447 730 ‚
1501 689 1543 720 et
1577 681 1621 720 in
1656 681 1751 721 vni-

154 742 321 784 versum
357 742 517 792 saepius
552 741 595 780 in
630 740 841 794 lapidibus
878 740 1153 793 compositis,
1190 742 1232 781 in
1269 740 1542 794 Serpentiuo7
1578 744 1752 796 Lapidi-

158 807 236 848 bus
283 805 476 846 Talcofis
522 813 604 844 etc.
653 815 776 857 quam
822 804 864 843 in
909 802 1000 844 aliis
1046 804 1248 843 occurrit.
1334 804 1417 845 Sed
1464 819 1601 860 neque
1648 807 1752 849 haec

155 884 237 926 pro
271 881 376 909 vero
423 868 594 908 criterio
631 866 830 907 sumenda
867 866 958 919 est,
1005 879 1102 907 cum
1139 865 1371 908 Schoerlus
1408 869 1533 909 etiam
1571 884 1593 911 a
1629 884 1755 912 mon-

158 934 269 974 tibus
305 931 400 985 ipfis
422 960 436 982 ‚
487 931 558 970 vel
594 943 614 970 a
649 931 752 970 loco
795 930 920 969 natali
963 939 1155 970 remotus
1178 959 1192 982 ‚
1248 941 1290 971 et
1323 932 1366 971 in
1403 933 1650 976 fluminibus
1685 934 1756 976 vel

157 998 202 1040 in
237 1008 390 1051 campo
426 1006 523 1036 cum
560 1005 685 1034 arena
718 992 957 1048 permixtus
995 1006 1219 1035 occurrere
1255 995 1392 1050 poffit.

735 1096 906 1147 Notae
938 1095 1169 1163 physicae.

355 1177 391 1232 ᾗ.
430 1180 472 1219 6.
538 1176 680 1219 Notae
715 1178 803 1220 eius
841 1179 1037 1232 physicae
1075 1180 1152 1221 hae
1191 1180 1314 1221 sunt:
1362 1181 1423 1235 1.)
1494 1181 1624 1237 Quod
1660 1184 1758 1226 Ma-

164 1251 290 1300 gnete
326 1243 554 1285 attrahatur
576 1252 619 1282 et
657 1242 718 1296 2.)
755 1243 871 1297 quod
909 1243 1103 1283 nonnulli
1139 1245 1313 1298 proprie
1348 1245 1401 1286 fic
1439 1246 1534 1286 dieu
1559 1247 1756 1289 Schoerli

163 1309 292 1364 polos
336 1308 395 1348 vti
433 1304 710 1347 Turmalinus
754 1306 985 1348 ostendant.
1054 1307 1138 1348 Sed
1183 1309 1386 1361 quoniam
1428 1311 1547 1363 prior
1590 1325 1646 1352 ex
1689 1312 1754 1353 his

163 1370 492 1427 proprietatibus
529 1370 728 1411 omnibus
766 1371 852 1409 fere
888 1369 1098 1422 lapidibus
1142 1372 1393 1425 contingat,
1447 1374 1688 1425 praesertim
1724 1376 1754 1417 fi

164 1436 375 1477 methodo
411 1433 695 1475 Bruckmanni
729 1441 928 1480 vtemur‚·
982 1433 1160 1474 alterum
1208 1447 1312 1476 vero
1358 1435 1427 1476 vel
1465 1437 1643 1478 dubium
1679 1439 1755 1480 ad-

164 1499 284 1550 huc,
318 1498 388 1538 vel
424 1509 511 1535 non
546 1495 746 1536 omnibus
784 1497 1035 1550 contingat,
1087 1511 1235 1551 parum
1272 1500 1335 1541 his
1373 1501 1484 1541 notis
1520 1502 1579 1541 vti
1615 1504 1756 1555 poffu-

166 1574 278 1601 mus.
348 1559 586 1614 Quomodo
624 1568 763 1600 autem
784 1560 1015 1603 Schoerlus
1053 1560 1091 1602 se
1126 1562 1289 1605 ratione
1323 1564 1385 1605 vis
1414 1564 1646 1608 Elefflicae
1683 1567 1758 1608 ha-

167 1623 298 1677 beat,
334 1623 440 1664 mihi
475 1623 671 1676 ignotum
707 1624 775 1665 est.

364 1717 497 1773 Quod
533 1729 670 1759 autem
706 1721 955 1772 grauitatem
992 1721 1230 1776 specificam
1265 1725 1355 1766 eius
1391 1724 1574 1776 attinet,
1618 1725 1755 1776 haec,

173 1782 365 1835 quamuis
401 1782 626 1836 saepissime
661 1796 735 1836 per
770 1785 983 1839 phyficam
1022 1787 1274 1840 detegatur,
1317 1788 1368 1829 ad
1403 1799 1523 1831 notas
1559 1789 1756 1833 Schoerli

172 1855 366 1887 externas
400 1847 543 1900 potius
578 1848 786 1901 pertinere
822 1850 928 1890 mihi
962 1851 1145 1891 videtur.

735 1953 904 2004 Notae
936 1967 1178 2004 externae.

366 2030 402 2084 §.
439 2044 481 2084 7.
550 2031 783 2087 Sequentes
830 2047 954 2078 notae
1000 2048 1231 2088 externae,
1284 2038 1335 2079 de
1382 2037 1533 2092 quibus
1569 2037 1759 2079 Mineru-

173 2094 266 2151 logi
302 2108 452 2137 omnes
490 2099 783 2154 conueniunt,
826 2101 1038 2143 Schoe110
1075 2102 1368 2144 adscribendae
1406 2102 1509 2142 mihi
1546 2103 1757 2143 videntur.

369 2202 507 2246 Color
541 2205 791 2263 plerumque
828 2209 953 2264 ipsius
990 2211 1046 2251 est
1079 2211 1222 2252 viridis
1259 2211 1327 2251 vel
1364 2210 1644 2261 viridescens,
1680 2209 1767 2250 sae·

177 2277 230 2322 pe
265 2266 417 2320 niger„
453 2269 522 2310 vel
558 2284 580 2311 e
617 2272 738 2324 nigro
773 2273 1025 2329 rubescens,
1070 2289 1391 2328 nonnumquam
1428 2275 1633 2318 viel-acius
1672 2274 1766 2317 (ra-

240 2328 361 2373 Noua
379 2332 484 2375 Adia
501 2334 631 2377 Acad.
652 2336 754 2392 Imp.
771 2337 842 2381 Sc.
860 2337 903 2380 T.
926 2339 998 2380 VI.
1273 2338 1294 2379 I
1327 2340 1342 2380 i
1666 2336 1768 2377 rili}-
