2007 2702
853 187 1004 223 ===
1037 177 1194 236 (272)
1227 188 1379 217 ====

307 313 421 352 mus,
456 296 553 339 solis
590 295 716 338 bullis
755 298 906 349 aereis,
942 297 1082 352 iisque
1119 295 1302 351 copiofis
1330 302 1374 338 et
1403 293 1606 352 minimis,
1642 299 1760 353 (nam
1782 299 1910 345 etiam

307 366 351 409 in
386 364 456 406 fila
492 362 678 406 distracta
713 362 916 407 cellulosa
950 375 1038 404 non
1068 362 1235 419 semper
1252 361 1353 403 ideo
1373 359 1509 416 albet)
1529 362 1674 407 deberi
1691 367 1875 410 videtur.

810 488 1098 567 Explicatio.
1142 486 1267 539 Tab.
1300 485 1409 540 VII·
1431 502 1433 504 ’

1024 593 1070 634 Fi
1108 621 1118 631 .
1159 605 1199 632 1.

498 657 726 701 Portiones
764 659 949 700 duorum
987 605 1285 697 musgculorum
1322 653 1587 709 aliquatenus
1623 663 1646 693 a
1680 649 1721 693 se
1757 650 1909 697 mutuo*

303 724 618 779 separatorum,
653 733 699 763 vt
735 723 955 773 ceilulosa,
995 734 1076 776 qua
1112 720 1440 774 connectuntur,
1475 726 1689 775 appareat,
1724 730 1780 761 ex
1815 717 1911 761 bra-

301 790 403 830 chio
440 789 629 829 hominis
668 800 754 827 non
792 785 921 827 obefi.

362 879 403 906 α.
439 864 478 904 b.
547 865 680 906 Binae
715 863 939 919 portiones
976 860 1294 904 musculorumss

359 956 395 985 c.
432 956 468 985 e.
538 943 586 983 In
633 943 698 984 his
743 942 932 997 partibus
971 942 1155 982 musculi
1192 941 1268 981 fibi
1304 946 1458 982 mutuo
1496 938 1689 993 contigui
1727 938 1910 982 cellulo·

491 1007 575 1048 sam
612 1007 912 1048 intermediam
947 1006 1226 1047 abscondunt.

362 1086 402 1128 d.
472 1085 521 1127 In
557 1085 636 1125 hac
672 1094 790 1139 parte
827 1083 966 1130 media
1002 1082 1265 1136 aliquantum
1303 1079 1477 1121 distracti
1515 1078 1698 1121 musculi
1729 1093 1750 1120 a
1777 1078 1816 1120 se
1845 1080 1908 1120 in-

497 1149 653 1190 vicem.
723 1142 769 1189 In
814 1148 1036 1195 interstitio
1083 1143 1286 1193 cellulosa
1330 1153 1519 1199 apparet.
1590 1143 1731 1185 Huius
1767 1143 1910 1197 super-

491 1214 609 1254 ficies
648 1211 806 1264 vbique
843 1211 1031 1264 aequalis
1067 1219 1110 1249 ct
1146 1210 1347 1251 continua
1384 1208 1440 1249 cst
1475 1221 1610 1264 aeque
1645 1221 1693 1249 ac
1729 1206 1910 1248 substan·

488 1277 544 1317 tin
582 1288 687 1328 quae
723 1270 978 1328 profundius
1016 1273 1113 1313 inde
1150 1274 1260 1314 inter
1297 1270 1516 1314 musculOs
1548 1272 1779 1314 descendit.
1816 1271 1908 1313 Ne-

490 1354 572 1396 que
602 1340 833 1398 quidquam
855 1338 1044 1387 cellulofi
1064 1345 1135 1378 aut
1154 1336 1361 1379 lamellofi
1383 1346 1454 1378 aut
1473 1337 1616 1395 porofi
1636 1343 1823 1394 apparet.

1019 1437 1065 1479 Fi
1102 1466 1111 1476 .
1153 1449 1194 1476 2.

491 1505 593 1548 Pars
629 1503 880 1559 portionum
919 1450 1168 1553 earundgem‚
1203 1499 1276 1541 vbi
1312 1497 1520 1540 distractae
1558 1504 1800 1539 contentam
1822 1496 1909 1538 cel·

296 1568 476 1615 lulosam
514 1571 755 1624 conspee'tui
793 1570 996 1621 offerunt,
1032 1565 1323 1620 microscopio
1358 1564 1532 1606 modice
1569 1571 1750 1618 augente
1776 1561 1874 1603 visa.

363 1663 402 1696 a,
438 1647 478 1689 b.
545 1648 774 1690 Portiones
812 1647 1124 1689 musculorum.

364 1739 399 1767 c.
466 1726 741 1768 Interstitium
788 1727 990 1769 cellulosa
1033 1723 1253 1766 substantia
1294 1722 1522 1777 repletum.
1608 1719 1728 1762 Haec
1763 1726 1807 1760 et
1841 1731 1906 1759 ar-

493 1790 618 1831 matis
663 1791 801 1832 oculis
840 1792 1043 1832 continua
1077 1799 1119 1830 et
1154 1788 1340 1842 aequalis
1379 1787 1448 1828 sed
1487 1785 1624 1826 minus
1661 1784 1796 1839 polita
1832 1797 1905 1838 ap-

492 1865 635 1909 paret;
688 1855 861 1896 lineolis
901 1856 1058 1908 quippe
1094 1853 1208 1894 varie
1246 1853 1379 1893 ductis
1401 1881 1415 1904 ‚
1450 1850 1644 1906 plurimis
1666 1879 1680 1902 .,
1715 1848 1903 1889 minimis

446 1917 448 1919 ’
491 1918 718 1974 insignita,
764 1918 1030 1960 foraminulis
1068 1926 1206 1958 tamen
1244 1926 1315 1957 aut
1350 1916 1465 1971 poris
1503 1915 1710 1968 cellisque
1748 1913 1903 1968 pariter

494 1998 542 2026 ac
591 1983 770 2025 lamellis
817 1993 860 2024 et
903 1982 987 2023 filis
1032 1982 1211 2024 omnino
1247 1982 1416 2036 prorsus
1456 1980 1660 2020 destituta.
1745 1978 1897 2030 Neque

490 2050 624 2102 haec,
660 2049 687 2090 fi
724 2047 794 2090 vel
829 2049 1016 2090 maxime
1051 2055 1232 2103 augente
1268 2045 1556 2100 microscopio
1592 2044 1742 2096 vtaris‚
1776 2049 1899 2093 appa·

492 2124 602 2155 rent.

360 2180 401 2219 d.
467 2178 618 2221 Portio
644 2179 901 2232 >cellulosae‚
939 2177 1202 2221 distrat‘tione
1238 2175 1531 2219 musculorum
1569 2168 1747 2216 extensa·
1793 2163 1898 2206 Vid-

494 2244 612 2300 expl.
646 2243 719 2300 fig.
759 2257 801 2295 3.
837 2253 880 2286 et
915 2259 958 2296 4.

1743 2359 1835 2414 Fig.
1856 2369 1899 2407 3.
