2007 2702
672 225 822 238 ·······
855 209 1010 267 (145)
1043 226 1195 252 =-—··

145 333 1740 375 W

889 441 992 484 DE

144 534 434 615 MOTV
522 533 1248 608 OSCILLATORIO
1328 533 1740 606 PENDVLI

387 647 614 700 CIRCA
673 649 885 700 AXEM
943 646 1498 735 CYLINDRICVM

309 747 517 793 PLANO
577 747 1024 794 HORIZONTALI
1082 747 1579 793 INCVMBENTEM.

852 877 1045 920 Auctore

727 951 774 992 L.
839 950 876 991 E
896 951 931 990 V
949 951 982 991 L
998 950 1034 990 E
1052 949 1089 991 R
1111 949 1164 990 0.

513 1103 697 1145 Conuent.
735 1102 870 1144 exhib.
906 1104 946 1144 d.
988 1116 1046 1156 14
1078 1103 1187 1157 Aug.
1229 1114 1362 1156 1780.

894 1285 930 1340 ς.
972 1299 1010 1326 1.

238 1380 440 1424 endulum
476 1380 653 1436 superne
687 1381 906 1424 traiectum
942 1381 1207 1435 concipiatur
1242 1381 1438 1432 cylindro
1461 1409 1474 1433 ,
1524 1381 1596 1436 qui
1630 1389 1749 1423 vtro-

273 1460 353 1501 que
398 1446 582 1487 termino
625 1446 753 1500 plano
799 1446 1058 1486 horizontali
1111 1446 1364 1498 incumbat,
1421 1445 1535 1499 quod
1591 1455 1749 1486 tantam
1792 1474 1795 1476 —

155 1509 397 1552 frictionem
439 1519 665 1563 opponat,
719 1517 765 1549 vt
807 1509 947 1549 nullus
995 1519 1136 1551 motus
1180 1502 1393 1563 reptorius
1437 1508 1477 1549 se
1521 1509 1748 1550 admiscere

159 1584 299 1629 queat.
367 1573 484 1614 Dum
520 1574 652 1626 igitur
686 1573 767 1614 tale
802 1574 1036 1627 pendulum
1073 1574 1355 1614 oscillationes
1392 1573 1581 1628 peragit,
1617 1575 1752 1626 cylin-

157 1637 258 1678 drus
294 1637 416 1691 super
450 1637 578 1690 plano
625 1638 885 1678 horizontali
928 1637 1166 1679 alternatim
1200 1638 1422 1679 voluendo
1464 1639 1671 1692 procedet
1710 1647 1753 1678 et

154 1701 356 1752 recedet,
400 1700 540 1753 ficque
585 1701 819 1754 pendulum
857 1712 977 1743 motu
1014 1702 1086 1743 suo
1123 1703 1282 1743 nullam
1327 1702 1448 1743 aliam
1484 1702 1752 1743 resistentiam

156 1765 339 1818 patietur
374 1774 539 1818 praeter
575 1768 728 1806 aerem.
775 1765 1031 1821 Quanquam
1066 1776 1204 1808 autem
1242 1766 1333 1807 talis
1371 1774 1514 1807 motus
1549 1767 1634 1808 iam
1670 1766 1754 1806 sae-

156 1828 252 1882 pius
288 1827 345 1869 est
380 1829 606 1881 trafflatus,
659 1838 797 1870 tamen
835 1830 904 1870 hic
939 1831 1166 1885 praecipue
1214 1830 1258 1870 in
1293 1830 1401 1871 vires
1446 1831 1536 1871 sum
1580 1830 1752 1884 inquisi-

155 1900 274 1933 turus
297 1920 310 1944 ,
348 1891 498 1945 quibus
537 1894 624 1934 axis
662 1892 927 1944 cylindricus.
959 1895 1131 1948 planum
1169 1894 1440 1936 horizontale
1482 1895 1591 1934 inter
1627 1894 1751 1934 oscil-

157 1955 332 1997 landum
376 1955 561 2009 premit,
616 1965 657 1996 et
693 1967 890 2012 quantam
934 1959 1024 1999 vim
1065 1959 1202 2000 friffio
1237 1959 1428 2000 exserere
1465 1958 1652 2012 debeat,
1701 1966 1749 1998 vt

159 2028 304 2061 motus
339 2020 551 2073 reptorius
574 2022 753 2094 ‘penitus
791 2026 1050 2064 coerceatur.

355 2114 392 2168 ᾗ.
433 2128 471 2154 2.
541 2114 604 2157 Sit
648 2118 774 2170 igitur
810 2117 846 2160 C
885 2129 1076 2161 centrum
1120 2120 1208 2162 axis
1255 2118 1500 2173 cylindrici,
1538 2120 1608 2174 qui
1647 2129 1754 2162 tem-
1790 2151 1872 2185 Tab
1905 2152 1942 2186 V

161 2190 265 2232 pore
305 2179 650 2233 quocunque,ab
685 2182 807 2224 initio
843 2193 986 2227 motus
1025 2185 1164 2238 elapso
1186 2194 1296 2235 ῑῑι,
1331 2186 1459 2240 plano
1497 2185 1754 2227 horizont1li
1802 2204 1858 2249 1⁵³3
1903 2214 1912 2235 1

164 2241 268 2295 QV
302 2243 344 2282 in
383 2241 423 2284 O
461 2244 710 2299 incumbat,
745 2248 798 2289 ita
833 2258 880 2289 vt
914 2251 1023 2290 recta
1061 2249 1097 2291 C
1119 2247 1159 2290 O
1181 2249 1211 2289 P
1248 2249 1296 2289 fit
1328 2249 1554 2291 xerticalis.
1624 2251 1752 2291 Nunc

161 2316 266 2346 vero
301 2308 562 2359 pendulum
575 2310 701 2350 talem
736 2311 855 2353 fitum
892 2314 1119 2368 obliquum
1156 2322 1319 2368 teneat,
1355 2323 1434 2370 vt,
1470 2315 1588 2356 dueta
1625 2328 1678 2357 ex
1716 2313 1752 2354 C

229 2368 348 2412 Noua
366 2371 469 2414 AcJa
487 2374 617 2415 Acad.
636 2374 739 2430 Imp.
757 2375 827 2419 Sc
846 2375 893 2418 T.
916 2377 989 2419 VI.
1334 2378 1380 2420 T
1704 2378 1756 2419 ld
