2007 2702
676 228 825 242 --
859 212 1197 268 (185)===

255 434 608 508 MOTV
669 432 824 504 ET
885 335 1631 506 II){EEACTIONE

194 555 416 611 AQVAE
451 553 564 596 PER
599 551 806 597 TVBOS
843 552 1113 596 MOBILES
1152 551 1682 597 TRANSFLVENTIS.

837 689 1030 731 Austore

569 784 837 828 IACOBO
883 783 1302 826 BERNOVLLI.

502 953 687 994 Conuent.
725 952 860 992 exhib.
897 955 959 993 die
998 957 1055 991 26
1093 953 1213 993 Febr.
1262 963 1396 1005 1789.

886 1152 922 1207 §-
965 1166 1002 1194 1.

147 1216 396 1330 Eandem
433 1301 560 1342 quam
595 1287 741 1328 titulus
780 1287 958 1329 exhibet
993 1290 1210 1331 materiam
1248 1289 1352 1329 olim
1390 1286 1461 1328 sub
1499 1287 1645 1328 eadem
1676 1300 1745 1328 ru-

148 1353 262 1394 brica
298 1354 548 1407 generaliter
585 1352 773 1393 trafflauit
794 1351 1109 1394 Celeberrimus
1136 1354 1334 1403 Enlerus,
1363 1353 1497 1392 Tom.
1523 1351 1600 1393 VI.
1623 1352 1740 1392 Nov-

149 1416 573 1458 Commentariorum
620 1416 878 1456 Academiae
918 1416 1109 1466 nostrae,
1163 1429 1261 1456 cnm
1298 1425 1392 1456 ante
1428 1417 1509 1455 iam
1546 1415 1588 1454 in
1626 1415 1742 1455 Ac‘zis

146 1481 488 1522 Berolinenfibus
527 1480 739 1519 machinas
777 1480 1042 1529 hydraulicas
1071 1481 1260 1520 virorum
1285 1478 1615 1520 Clariffimorum
1638 1478 1745 1531 Seg-

144 1546 234 1585 neri
270 1555 312 1585 et
349 1546 398 1584 de
418 1544 566 1593 Mour,
603 1543 652 1582 ad
689 1543 801 1582 istam
825 1543 1063 1584 Theoriam
1098 1545 1343 1598 speeiantes⁷
1368 1543 1606 1595 iisdemque
1628 1543 1743 1596 prin-

146 1608 265 1661 cipiis
303 1608 484 1658 innixas,
521 1606 687 1647 calculo
725 1606 968 1647 subiecisset.
1038 1608 1186 1661 Itaque
1223 1610 1356 1648 astum
1394 1620 1534 1660 agere,
1556 1616 1626 1647 aut
1647 1619 1742 1646 om-

145 1672 247 1711 nino
291 1671 334 1710 in
380 1669 656 1724 suspicionem
698 1684 826 1711 vanae
865 1671 1042 1712 fiduciae
1079 1673 1222 1712 venire
1259 1672 1451 1725 possem,
1504 1684 1549 1711 ac
1586 1670 1613 1710 fi
1651 1670 1742 1723 post

145 1743 308 1775 tantum
353 1735 491 1774 virum
537 1734 701 1788 plenius
747 1748 792 1775 ac
839 1735 992 1776 melius
1039 1737 1142 1776 istud
1191 1745 1487 1790 argumentum
1524 1734 1742 1775 absoluere

146 1798 369 1851 sperarem.
439 1798 604 1839 Verum
640 1798 740 1838 haec
779 1801 982 1852 cogitatio
1020 1811 1131 1840 certe
1169 1810 1355 1840 mentem
1393 1812 1531 1839 meam
1562 1812 1646 1839 non
1673 1797 1736 1837 su-

146 1862 222 1902 bit.
290 1862 472 1902 Animus
512 1862 567 1901 est
602 1863 820 1915 egregium
856 1864 1011 1903 virium
1047 1865 1238 1904 viuarum
1275 1864 1532 1918 principium
1556 1892 1567 1913 ‚
1624 1862 1742 1915 quod

145 1926 245 1977 iam,
283 1925 515 1966 dolendum
553 1926 675 1965 nimis
712 1940 733 1967 a
769 1927 951 1978 Physicis
991 1929 1149 1981 negligi
1186 1928 1313 1979 solet,
1358 1929 1398 1967 in
1435 1928 1574 1967 lucem
1612 1938 1740 1965 reuo-

148 2003 259 2042 care,
296 1999 337 2029 et
374 2002 497 2042 quam
533 1991 739 2045 concinne
777 1993 924 2032 eadem
963 1992 1179 2042 Themin,
1220 2004 1344 2045 quam
1381 1990 1565 2030 Eulerus
1604 2003 1740 2042 expo-

149 2054 260 2105 suit,
306 2053 402 2093 inde
439 2053 590 2092 deduci
629 2065 784 2106 queat,
833 2055 888 2095 ob
927 2056 1077 2095 oculos
1115 2068 1290 2108 ponere.
1361 2054 1607 2107 Snperfluus
1647 2052 1738 2093 sane

146 2117 216 2158 hic
251 2116 370 2157 labor
406 2117 454 2156 iis
493 2129 576 2156 non
612 2118 847 2169 videbitur,
885 2120 954 2171 qui
992 2118 1378 2169 confiderauerint,
1416 2131 1540 2170 quam
1577 2118 1735 2157 eximie

151 2181 320 2234 quaeuis
365 2180 559 2221 Theoria
602 2180 1142 2232 Physico-Mathematica
1179 2196 1232 2223 ex
1269 2182 1470 2223 consensu
1508 2183 1740 2223 earundem

150 2244 311 2296 legum,
329 2257 383 2285 ex
419 2244 586 2285 diuerfis
624 2246 838 2300 principiis
876 2246 1436 2301 petitarum„confirmetur:
1483 2247 1571 2287 imo
1611 2259 1736 2300 qnam

151 2307 312 2359 saepius
362 2309 595 2360 acciderit,
638 2319 715 2361 vt,
758 2324 858 2350 cum
904 2325 984 2351 vna
1022 2313 1249 2353 methodus
1287 2325 1372 2351 non
1410 2311 1480 2352 nifi
1516 2324 1649 2364 Vsque
1686 2310 1735 2349 ad

213 2369 333 2413 Noua
351 2372 453 2414 Aea
471 2373 600 2416 Acaa.
620 2372 722 2430 Imp.
741 2372 811 2416 Sc.
830 2374 872 2415 T.
895 2374 964 2416 VI.
1242 2376 1284 2417 A
1319 2390 1340 2417 a
1650 2386 1740 2412 cer-
