2007 2702
679 229 830 253 m
862 214 1016 270 (235)
1051 231 1201 257 ,τε-,-

144 340 165 369 a
200 326 275 368 filo
310 327 530 381 posteriori
566 336 608 368 et
642 342 663 368 a
697 327 835 368 media
870 327 961 369 stria
996 328 1239 369 tranuerfim
1274 329 1329 382 a)
1351 358 1364 381 ‚
1410 343 1432 370 a
1466 329 1581 372 striae
1616 340 1733 386 parte

106 391 382 446 gpropinqua
420 392 527 445 apici
563 391 855 432 adscendendo
892 390 945 445 b)
980 392 1023 432 in
1060 406 1228 434 crenam
1266 394 1445 435 eandem
1469 425 1482 447 7
1518 408 1598 437 vna
1634 409 1732 437 cum

106 446 223 495 fillis
260 465 534 496 concurrunt.
603 455 754 496 Solum
792 457 989 496 haetenus
1028 458 1258 498 secundum
1300 458 1469 499 stratum
1505 461 1732 502 ventriculi

142 519 278 559 dextri
324 519 533 560 contraria
577 519 845 574 dispositione
889 533 944 560 ex
987 531 1103 574 parte
1159 522 1526 564 circumferentiae
1572 524 1730 565 minori

138 583 180 622 in
225 582 429 623 ambitum
482 584 611 636 longe
664 585 870 626 maiorem
915 584 1031 624 fibris
1078 585 1398 638 diuergentibus
1446 588 1730 642 dispergitur,

138 656 279 687 ortum
315 660 337 686 a
371 647 493 697 stria,
545 647 746 687 insertum
782 649 824 687 in
860 647 979 687 filum
1017 648 1337 701 cartilagiueum
1374 651 1571 692 dextrum
1614 663 1731 694 ante-

138 710 301 761 terius‚
352 710 394 751 in
439 710 547 751 basm
593 720 734 752 {tortae
779 711 1042 764 arteriaeque
1085 712 1346 765 pulmonalis
1383 724 1425 754 et
1463 715 1506 754 in
1544 729 1728 757 crenam.

135 773 283 814 Fibrae
319 787 422 827 ergo
459 773 566 815 strati
601 774 769 815 secundi
807 775 1032 815 ventriculi
1068 775 1209 816 finistri
1246 778 1467 818 ordinibus
1513 780 1729 833 prioribus

136 838 310 890 oblique
354 838 395 877 in
441 839 573 879 striam
621 837 878 879 descendunt
918 838 1009 891 c);
1063 838 1255 879 Mediam
1291 842 1516 882 ventriculi
1563 855 1728 895 partem

135 909 390 954 occupantes
434 903 696 942 transuerfim
732 902 775 941 in
811 902 988 942 eandem
1033 902 1246 943 transeunt
1285 904 1376 955 d).
1462 905 1600 960 Prope
1636 910 1727 963 api-

134 978 225 1005 cem
261 964 519 1005 adscendunt
553 964 727 1016 oblique
763 965 904 1004 versus
942 965 1078 1005 striam
1118 967 1189 1018 e).
1268 967 1488 1022 Quantum
1524 970 1566 1010 in
1603 971 1725 1014 strato

132 1038 309 1068 externo
345 1027 473 1069 fibrae
500 1028 698 1068 ordinum
736 1028 926 1081 priorum
966 1028 1265 1082 longitudinali
1304 1032 1443 1073 ductui
1480 1035 1723 1090 propiores,

122 1090 201 1146 f),
240 1102 440 1144 quantum
478 1093 701 1145 propiores
739 1093 974 1133 transuerso
1012 1104 1155 1135 contra
1191 1096 1231 1134 in
1269 1095 1393 1137 strato
1428 1097 1612 1139 secundo
1647 1101 1722 1153 g),

132 1164 292 1194 tantum
330 1157 370 1194 in
409 1156 485 1196 illo
521 1156 658 1195 minus
694 1153 739 1207 h)
776 1156 817 1195 in
855 1155 938 1196 hoc
975 1157 1106 1209 magis
1144 1160 1184 1210 i)
1220 1158 1349 1200 fibrae
1386 1162 1546 1202 ordinis
1585 1166 1721 1216 quarti

96 1242 107 1252 ι
131 1217 307 1271 oblique
344 1219 622 1266 adscenduut3
658 1227 703 1258 vt
739 1219 1027 1260 concentratio
1063 1220 1264 1262 fibrarum
1299 1223 1341 1262 in
1378 1223 1501 1266 strato
1538 1236 1720 1282 vtroque

129 1290 268 1323 tamen
305 1283 450 1324 eadem
487 1284 574 1323 fere
610 1281 829 1323 efficiatur.

128 1375 1723 1398 ΜἫ

199 1423 237 1463 a)
274 1421 299 1455 Γ
301 1422 349 1457 ab.
378 1423 430 1458 1v.
458 1424 484 1458 Ι.
512 1422 552 1456 N.
578 1423 615 1456 A.

194 1472 228 1515 b)
257 1471 340 1505 Tab.
367 1470 429 1505 IV.
457 1472 496 1504 O.
524 1472 555 1504 P.

196 1522 233 1560 c)
261 1521 337 1554 Tab
378 1521 430 1552 IX.
457 1532 478 1566 p
518 1531 546 1553 x.

195 1568 233 1611 d)
261 1569 345 1604 Tab.
372 1570 424 1603 lx.
450 1579 480 1610 4.
510 1579 549 1603 11.

196 1619 233 1658 c)
260 1617 344 1651 Tab.
371 1618 427 1653 IX.
454 1630 495 1660 11,
520 1627 570 1659 24.
598 1618 644 1652 16.
672 1629 717 1661 17.
746 1627 792 1659 18.

187 1665 233 1712 f)
263 1666 350 1702 Tab.
377 1668 434 1702 VI.
462 1680 493 1712 y.
521 1678 564 1708 13.
594 1676 645 1709 74.

188 1718 231 1762 g)
261 1717 345 1752 Tab.
375 1718 430 1752 IX.
458 1730 488 1764 p.
515 1729 545 1751 x.
572 1715 645 1764 ¹20·
673 1728 701 1759 3.

194 1765 230 1812 h)
260 1766 342 1802 Tab.
370 1767 430 1803 1V.
459 1777 509 1810 92.
538 1776 587 1809 95.
615 1777 666 1810 97.
694 1774 748 1810 98.

195 1816 233 1858 i)
261 1816 294 1852 T
297 1815 344 1853 ab.
372 1815 439 1853 Vll.
466 1826 511 1859 41.
537 1826 588 1859 42.
616 1826 664 1860 43.
691 1826 745 1859 44.
775 1828 829 1861 47.
855 1828 908 1861 49.
935 1829 985 1862 50,
1037 1818 1124 1856 Tab.
1151 1821 1205 1857 IX.
1232 1831 1277 1865 14.
1306 1833 1352 1868 19.
1378 1821 1424 1860 16.
1451 1832 1496 1866 ιγ.

1581 2359 1704 2403 ΟΒ.

899 2362 933 2407 Ω

956 2378 982 2419 (Ιῆ

1021 2376 1043 2407 υ
