2007 2702
623 195 1159 243 HLSTOIRE.
1466 185 1471 190 ’
1636 210 1691 248 33

93 328 193 357 rum
234 315 345 357 solus
389 313 495 369 petit
530 322 572 354 et
604 313 783 355 verbum
819 312 1012 353 divinum
1045 310 1250 351 idiomate
1285 306 1486 351 Zirenico
1522 309 1692 363 praedi-

96 389 176 421 cat.
240 378 469 425 ,Ineffabili
522 378 721 432 patientia
771 386 952 418 armatus
989 374 1154 429 superat
1188 387 1336 415 omnes
1374 372 1690 426 contumeliam,

95 443 305 490 molestias
329 473 342 496 ,
364 481 369 485 .
393 443 590 494 iniurias,⁷
625 441 916 497 periculaque,
960 449 1002 480 et
1036 440 1225 491 tandem,
1263 432 1486 480 adiuuante
1523 438 1690 479 summo

96 508 304 559 Numine,
332 508 556 561 *quosdam
592 508 642 549 ad
676 506 932 559 religionem
969 504 1232 545 christianam
1269 504 1497 555 conuertit,
1535 502 1575 542 &
1613 502 1694 542 ho-

94 585 192 616 rum
223 586 307 626 ope
344 572 590 626 auxilioque
626 571 835 624 templum
871 582 893 609 e
929 567 1116 608 trabibus
1154 567 1303 620 ligneis
1339 569 1390 608 ad
1428 567 1577 608 ostium
1613 566 1694 607 fiu-

96 637 155 677 vii
179 637 331 687 Wym‚
359 648 483 690 aquas
506 636 592 676 suas
628 636 671 675 in
691 633 968 686 Witzegdam
1005 631 1294 682 exonerantis,
1314 632 1489 683 extruit,
1525 640 1567 671 et
1588 630 1695 672 illud

98 699 406 741 annuntiationi
451 699 511 742 St.
556 699 749 752 Virginis
793 692 955 738 Mariae
1004 695 1137 744 dicat5
1190 695 1232 734 in
1281 707 1368 748 quo
1404 695 1619 747 liturgiam
1656 702 1698 736 et

98 763 261 817 reliqua
313 764 455 818 sacra,
512 764 562 804 ad
612 764 741 804 ritum
778 761 1085 811 Graecorum,
1144 759 1349 799 idiomate
1388 731 1589 800 Zirenico
1626 759 1699 800 ad-

99 827 313 867 ministrat.
401 825 625 867 Crescente
676 827 720 866 in
773 825 860 866 dies
912 833 1100 864 numero·
1131 823 1473 877 conuersorum,
1525 824 1698 865 tandem

100 902 273 930 omnem
318 898 489 942 gentem
527 888 768 929 Zirenicam
806 888 925 940 gregi
962 886 1185 927 christiano
1222 888 1404 928 affociat.
1494 885 1699 929 Constru-

99 962 225 995 untur
258 952 417 1006 vbique
455 953 630 1004 templa,
663 951 816 1004 religio
839 948 1057 990 christiana
1077 949 1311 1002 profundas
1335 952 1422 1004 agit
1442 952 1619 1002 radices,
1656 960 1698 992 et

97 1017 287 1070 Vndique
323 1016 583 1071 postulantur
617 1015 737 1055 verbi
776 1013 908 1054 divini
947 1012 1135 1052 ministri.
1211 1012 1322 1053 Cum
1358 1027 1461 1054 vero
1498 1016 1700 1067 Moscua,

98 1083 148 1123 ad
186 1081 303 1121 cuius
342 1082 550 1121 ditionem
588 1079 755 1120 Permizt
790 1089 889 1119 tunc
925 1076 1197 1130 pertinebat,
1250 1076 1306 1117 ob
1352 1077 1532 1131 longum
1569 1080 1699 1119 inter-

97 1145 275 1195 vallum,
315 1159 399 1185 non
439 1154 521 1184 tam
560 1143 682 1184 facile
718 1152 807 1184 erat
840 1142 1030 1183 adeunda
1067 1140 1384 1194 consecrandis,
1421 1143 1569 1183 ineunt
1605 1156 1701 1183 om-

98 1223 171 1250 nes
209 1209 464 1258 confilium‚
502 1221 523 1248 a
558 1210 783 1262 sandioque
821 1206 1037 1260 Stephano
1076 1205 1356 1259 expostulant,
1394 1217 1439 1247 vt
1476 1217 1699 1261 metropo-

100 1274 175 1315 lim
213 1274 333 1314 adeat
370 1273 631 1327 Episcopum
671 1272 860 1313 Permiae
897 1270 1121 1324 petiturus.
1187 1270 1270 1310 'His
1310 1271 1521 1311 desideriis
1558 1282 1604 1311 vt
1638 1272 1698 1313 sa-

98 1338 280 1378 ῖίςΓ-ιεῐιῐ
314 1337 377 1390 vir
413 1337 617 1388 Sindus,
661 1337 740 1377 iter
776 1336 830 1376 su'
838 1336 958 1390 cipit7
995 1335 1224 1375 Moscuam
1256 1336 1376 1375 venit
1413 1346 1456 1376 et
1491 1349 1696 1389 magnum

97 1402 352 1443 Moscovi1e
390 1402 545 1442 ducem
581 1401 853 1442 Demetrium
889 1400 1138 1440 Io=umidem
1162 1428 1174 1450 a
1230 1400 1300 1453 qui
1335 1400 1400 1440 ob
1437 1410 1697 1454 reportitam

99 1479 295 1520 magn-tm
343 1467 393 1507 de
432 1466 600 1507 Tataris
639 1476 750 1507 trans
788 1457 1099 1516 Borysthenem
1137 1464 1186 1503 ad
1223 1463 1403 1504 fluuium
1445 1465 1697 1518 Nepliadwa

96 1531 334 1582 victoriam,
370 1531 705 1582 Borysthiuensis
744 1529 1007 1583 (Donskoy)
1047 1529 1373 1581 cognominatus
1413 1529 1483 1579 est,
1526 1529 1695 1568 Metro-

99 1595 363 1647 politamque
409 1595 628 1636 Pimenem
665 1595 948 1648 supplicatur7
996 1602 1042 1632 vt
1076 1593 1225 1645 genti,
1278 1605 1412 1645 nuper
1447 1591 1691 1634 christianae

98 1651 297 1710 religioni
334 1657 536 1710 addictae3
573 1658 810 1711 Episcopus
850 1658 986 1698 detur.

293 1720 518 1761 Praecibus
556 1722 644 1761 eius
676 1730 906 1761 annuentes
937 1733 1112 1773 magnus
1135 1720 1390 1761 Moscouiae
1423 1720 1511 1761 dux
1533 1729 1576 1760 et
1593 1720 1694 1762 Me-

101 1783 317 1837 tropoiita‚
337 1783 535 1836 suffragio
572 1785 767 1825 omnium
797 1783 1111 1837 Episcoporum
1148 1795 1191 1825 et
1226 1793 1463 1824 conuentus
1500 1785 1695 1826 ecclesia-

102 1849 204 1899 stici,
238 1848 323 1901 ipse
345 1846 581 1901 Stephanus
618 1847 854 1902 Episcopus
890 1847 1082 1889 Permiae
1119 1848 1375 1901 designatum
1414 1861 1541 1889 nemo
1578 1853 1692 1889 enim

100 1912 195 1953 sede
243 1912 471 1965 episcopali
517 1912 688 1965 dignior
721 1911 943 1953 videbatur
978 1913 1088 1964 illo,
1142 1913 1214 1967 qui
1250 1913 1391 1952 lucem
1429 1913 1692 1954 christianam

99 1977 143 2016 in
181 1976 259 2017 hac
295 1985 499 2015 terrarum
534 1986 651 2030 parte
687 1977 973 2031 propagauit,
1020 1977 1092 2031 qui
1128 1986 1258 2017 tantas
1296 1976 1538 2028 molestias,
1582 1978 1691 2019 cala-

100 2040 266 2081 mitates
306 2049 349 2079 et
383 2039 492 2079 vitae
527 2041 712 2094 pericula
750 2041 805 2082 ob
842 2054 934 2081 eam
971 2041 1182 2095 perpeffus
1228 2040 1317 2093 est,
1373 2041 1443 2093 qui
1487 2041 1689 2094 improbo

100 2104 248 2146 labore
283 2103 533 2146 slavonicos
569 2105 700 2146 libros
744 2107 786 2146 in
822 2105 982 2146 idioma
1019 2103 1262 2146 Zirenicum
1302 2104 1504 2144 transtulit
1538 2114 1581 2145 et
1618 2107 1689 2160 qui

102 2169 252 2209 euersis
297 2168 422 2209 idolis
471 2169 627 2222 templa
671 2170 888 2211 christiana
940 2170 1142 2210 extruxit.
1226 2168 1356 2208 Anno
1403 2169 1530 2222 igitur
1570 2181 1684 2219 1333

101 2241 264 2274 creatur
299 2232 371 2273 ille
407 2233 566 2288 primus
588 2232 776 2275 Permiae
796 2233 1051 2287 Episcopus⁷
1077 2243 1119 2274 et
1155 2232 1295 2272 multis
1333 2246 1355 2273 a
1390 2245 1544 2286 magno
1566 2233 1688 2274 Duce

100 2305 144 2336 et
177 2295 462 2350 Metropolim
500 2297 736 2338 cumulatus
775 2299 895 2339 donis
934 2299 974 2338 in
1012 2297 1220 2337 Permiam
1265 2297 1406 2348 redit,
1459 2296 1683 2352 sedemque

101 2360 383 2416 episcopalem
420 2360 462 2401 in
498 2361 615 2415 vico,
651 2362 723 2404 vbi
758 2363 893 2418 prima
931 2360 1146 2402 christiana
1181 2361 1350 2402 ecclefia
1388 2361 1556 2402 fundata
1585 2370 1688 2412 erat,

164 2423 334 2478 Histoire
369 2425 415 2466 de
456 2434 589 2478 1788.
1109 2438 1130 2466 e
1159 2435 1162 2438 ’
1575 2424 1685 2480 figit,
