2007 2702
810 199 964 213 ---
999 184 1156 239 (2:38)
1189 200 1343 212 --

269 304 493 344 iuuentute
531 300 598 341 sua
635 300 819 342 maxima
857 315 912 343 ex
947 312 1064 356 parte
1101 301 1265 356 semper
1302 301 1462 344 clausae
1497 303 1605 358 fint,
1647 306 1881 362 valuasque

266 369 354 409 suas
412 366 627 407 interdum
673 367 846 407 modice
891 376 1055 408 tantum
1093 367 1275 408 reserare
1311 366 1507 409 soleant?
1560 369 1647 424 Qui
1699 372 1779 423 fit,
1835 381 1881 413 vt

268 430 469 483 musculi,
508 444 694 485 quorum
731 432 774 472 vi
810 431 958 473 valuae
997 432 1095 472 alias
1134 433 1349 473 aristiliime
1388 432 1659 485 clauduntur,
1686 431 1806 478 ‘nunc
1837 437 1879 476 in

265 506 429 537 tantum
466 495 783 549 obsequantur,
828 510 926 537 cum
965 505 1106 538 tamen
1145 498 1352 552 temporis
1393 497 1575 539 success'u
1611 499 1728 553 prius
1763 514 1879 542 rum·

264 570 451 615 pantur,
507 573 635 614 quam
680 570 727 602 vt
770 571 855 602 tam
898 562 1137 603 violentam
1182 576 1229 604 ac
1266 563 1498 618 plenariam
1536 563 1727 604 conchae
1763 577 1882 618 aper·-

263 627 429 667 tionem
466 625 710 680 patiantur?
765 625 904 667 Color
939 627 1154 668 eiusmodi
1192 628 1328 668 ouatii
1364 628 1520 681 integri
1557 640 1580 668 e
1618 628 1882 669 bruno-ru-

261 690 473 732 bicundus
500 720 513 742 ,
562 691 747 744 fingulae
785 700 927 731 autem
965 692 1203 733 conchulae
1241 691 1314 732 sub
1352 692 1641 746 microscopio
1680 692 1881 747 spectatae

263 756 423 811 pallide
462 754 649 806 brunus,
688 755 913 808 splendore
953 757 1140 808 quodam
1179 770 1308 797 aureo
1344 757 1554 798 admixto.
1627 755 1879 799 Concliulae

263 820 337 861 sub
377 822 460 861 hoc
497 820 597 860 statu
635 819 744 859 adeo
782 818 1022 872 pellucidae
1069 833 1115 861 ac
1167 821 1303 862 tenuis
1358 821 1603 862 substantiae
1659 820 1785 875 suut,
1836 830 1883 863 vt

263 885 387 936 aliae,
424 884 473 924 iis
510 884 750 935 substratae,
787 897 864 938 per
898 885 1078 925 eandem
1117 885 1416 927 transluceant.
1486 886 1585 927 Hoc
1623 895 1763 927 tamen
1792 900 1879 928 non

262 950 491 1001 obstante,
545 948 758 989 soliditate
806 949 987 989 notabili
1031 951 1114 991 iam
1162 950 1245 990 iam
1291 951 1499 1003 gaudent;
1555 951 1728 993 strident
1763 952 1878 992 enim

263 1013 462 1055 dentibus
516 1014 761 1065 contritae,
815 1027 862 1055 ac
899 1014 1043 1068 digitis
1081 1014 1362 1054 contrectatae
1400 1013 1529 1054 sabuli
1569 1016 1680 1068 quasi
1718 1015 1879 1056 sensum

259 1080 538 1134 imprimunt3
593 1077 651 1120 sat
685 1077 808 1119 salsae
844 1078 1013 1132 iusuper
1050 1079 1167 1132 gustu
1205 1087 1248 1117 et
1283 1091 1434 1130 acreS,
1479 1091 1525 1118 ac
1562 1079 1714 1120 limum
1750 1081 1881 1120 redo·

259 1145 413 1186 lentes.
483 1143 737 1185 Notandum
775 1153 994 1197 praeterea
1031 1153 1229 1196 tanquam
1269 1143 1454 1183 maxime
1492 1142 1715 1196 singulare,
1760 1144 1880 1197 quod

262 1210 553 1261 embryonum
600 1208 725 1261 plane
763 1208 841 1247 alia
878 1208 925 1246 sit
962 1207 1098 1247 forma
1124 1235 1136 1258 ,
1194 1220 1319 1260 quam
1357 1207 1725 1249 adolescentium:
1772 1208 1880 1250 Sunt

263 1274 379 1315 enim
416 1285 549 1326 aeque
585 1272 692 1312 latae
715 1300 728 1322 ,
773 1284 898 1324 quam
934 1270 1113 1325 longae,
1150 1271 1239 1310 imo
1278 1271 1365 1311 fere
1403 1273 1543 1313 adhuc
1581 1274 1710 1327 paulo
1750 1272 1876 1315 latio-

258 1352 357 1386 res;
410 1336 572 1389 fingula
606 1336 729 1376 valua
765 1336 1023 1389 triangulum
1065 1335 1176 1389 quasi
1212 1337 1530 1389 repraesentat,
1586 1339 1704 1379 cuius
1742 1350 1876 1379 vnum

261 1403 389 1454 latus,
425 1401 644 1442 cardinem
680 1399 925 1454 respiciens,
962 1400 1245 1451 reeiilineum,
1278 1399 1441 1452 reliqua
1479 1401 1565 1440 duo
1602 1412 1741 1441 autem
1780 1416 1877 1444 cur.

259 1467 442 1517 vilinea,
479 1465 507 1504 s.
546 1474 714 1506 arcuata
752 1465 867 1513 sunt;
922 1465 1045 1519 isque
1083 1464 1209 1505 huius
1248 1463 1446 1516 trianguli
1483 1465 1677 1516 angulus,
1716 1468 1876 1507 cardini

260 1532 418 1573 dii-edre
457 1542 511 1570 ex
547 1529 723 1570 aduerso
760 1530 876 1581 fitus,
913 1531 1109 1583 adeoque
1147 1542 1200 1569 co
1239 1528 1358 1579 loco,
1394 1528 1464 1568 vbi
1502 1529 1732 1582 aliquando
1770 1544 1876 1571 con·

259 1598 363 1638 chae
403 1607 552 1648 margo
590 1594 756 1635 medius
795 1608 841 1635 ac
878 1595 1068 1635 exterior
1104 1594 1251 1634 locum
1291 1592 1531 1643 habiturus,
1569 1594 1733 1634 acutius
1764 1595 1876 1635 mul-

257 1671 307 1702 to
343 1659 631 1714 producitur,
678 1672 802 1712 quam
841 1659 908 1699 alii
948 1660 1034 1700 duo
1072 1657 1248 1713 anguli,
1287 1657 1555 1698 dextrorsum
1592 1671 1638 1699 ac
1673 1658 1876 1701 sinistror-

262 1725 355 1767 sum
391 1738 413 1764 τι
449 1723 619 1764 cardine
656 1733 951 1764 excurrentes.

458 1817 501 1861 Si
547 1818 788 1862 moleculae
833 1820 1048 1861 eiusmodi
1080 1819 1390 1861 conchularum
1413 1818 1759 1862 vividiffimarum
1782 1831 1873 1862 tan-

262 1885 403 1927 tillum
440 1883 623 1925 sacchari
662 1886 731 1926 vel
768 1885 989 1925 atramenti
1027 1884 1236 1937 scriptorii
1274 1884 1561 1935 admiscucris,
1585 1886 1720 1926 valuis
1752 1887 1871 1927 illico

260 1949 425 2000 clausis,
462 1949 504 1989 iu
542 1959 769 1990 momento
808 1951 895 1990 fere
931 1950 1189 1991 moriuntur.
1259 1948 1439 2002 Spiritus
1477 1950 1564 1990 vini
1601 1951 1773 1991 easdem
1803 1963 1871 1992 ae·

261 2004 354 2069 qui?
382 2014 469 2055 cito
512 2023 673 2054 enecat.

452 2110 592 2152 Simili
630 2110 845 2152 molecula
883 2111 943 2151 fili
981 2111 1105 2151 ferrei
1143 2109 1263 2164 apice
1299 2119 1504 2166 excepta,
1540 2120 1600 2163 et,
1637 2112 1688 2152 ad
1722 2108 1867 2163 plena-

257 2175 362 2217 riam
399 2176 539 2216 omnis
581 2175 845 2217 humiditatis
885 2176 1237 2229 euaporationem
1273 2188 1433 2230 vsque,
1470 2175 1666 2216 candelae
1703 2170 1863 2213 ardenti

258 2240 449 2290 admota,
487 2240 744 2293 conchulae,
783 2240 1028 2281 conseruata
1064 2240 1237 2294 propria
1275 2240 1457 2293 ipsarum
1496 2238 1648 2293 forma,
1684 2237 1866 2293 pelluci-

259 2304 436 2347 ditatem
471 2304 688 2361 amittunt,
724 2306 960 2362 albescunt,
996 2317 1042 2347 ac
1081 2303 1222 2361 reapse
1261 2305 1532 2347 calcinantur.

1773 2367 1864 2410 De-
