<?xml version="1.0" encoding="UTF-8"?>
<!DOCTYPE html PUBLIC "-//W3C//DTD XHTML 1.0 Transitional//EN"
    "http://www.w3.org/TR/xhtml1/DTD/xhtml1-transitional.dtd">
<html xmlns="http://www.w3.org/1999/xhtml" xml:lang="en" lang="en">
 <head>
  <title>
</title>
<meta http-equiv="Content-Type" content="text/html;charset=utf-8" />
  <meta name='ocr-system' content='tesseract 3.04.00' />
  <meta name='ocr-capabilities' content='ocr_page ocr_carea ocr_par ocr_line ocrx_word'/>
</head>
<body>
  <div class='ocr_page' id='page_1' title='image "./novaactaacademia06impe_0155.png"; bbox 0 0 2007 2702; ppageno 0'>
   <div class='ocr_carea' id='block_1_1' title="bbox 681 250 830 266">
    <p class='ocr_par' dir='ltr' id='par_1_1' title="bbox 681 250 830 266">
     <span class='ocr_line' id='line_1_1' title="bbox 681 250 830 266; baseline 0 0"><span class='ocrx_word' id='word_1_1' title='bbox 681 250 830 266; x_wconf 95' lang='lat' dir='ltr'> </span> 
     </span>
    </p>
   </div>
   <div class='ocr_carea' id='block_1_2' title="bbox 864 237 1171 291">
    <p class='ocr_par' dir='ltr' id='par_1_2' title="bbox 864 237 1171 291">
     <span class='ocr_line' id='line_1_2' title="bbox 864 237 1171 291; baseline 0.007 -1"><span class='ocrx_word' id='word_1_2' title='bbox 864 237 1171 291; x_wconf 75' lang='lat'><em>(21)—</em></span> 
     </span>
    </p>
   </div>
   <div class='ocr_carea' id='block_1_3' title="bbox 1022 268 1170 278">
    <p class='ocr_par' dir='ltr' id='par_1_3' title="bbox 1022 268 1170 278">
     <span class='ocr_line' id='line_1_3' title="bbox 1022 268 1170 278; baseline 0 0"><span class='ocrx_word' id='word_1_3' title='bbox 1022 268 1170 278; x_wconf 95' lang='lat' dir='ltr'> </span> 
     </span>
    </p>
   </div>
   <div class='ocr_carea' id='block_1_4' title="bbox 682 267 830 277">
    <p class='ocr_par' dir='ltr' id='par_1_4' title="bbox 682 267 830 277">
     <span class='ocr_line' id='line_1_4' title="bbox 682 267 830 277; baseline 0 0"><span class='ocrx_word' id='word_1_4' title='bbox 682 267 830 277; x_wconf 95' lang='lat' dir='ltr'> </span> 
     </span>
    </p>
   </div>
   <div class='ocr_carea' id='block_1_5' title="bbox 123 348 1715 597">
    <p class='ocr_par' dir='ltr' id='par_1_5' title="bbox 123 348 1715 597">
     <span class='ocr_line' id='line_1_5' title="bbox 127 348 1715 404; baseline -0.001 -13"><span class='ocrx_word' id='word_1_5' title='bbox 127 349 197 392; x_wconf 85' lang='lat' dir='ltr'>vbi</span> <span class='ocrx_word' id='word_1_6' title='bbox 232 349 385 390; x_wconf 89' lang='lat' dir='ltr'>iterum</span> <span class='ocrx_word' id='word_1_7' title='bbox 424 348 631 402; x_wconf 81' lang='lat' dir='ltr'>quantitas</span> <span class='ocrx_word' id='word_1_8' title='bbox 657 362 685 389; x_wconf 83' lang='lat' dir='ltr'><em>v</em></span> <span class='ocrx_word' id='word_1_9' title='bbox 712 363 792 404; x_wconf 92' lang='lat' dir='ltr'>pro</span> <span class='ocrx_word' id='word_1_10' title='bbox 828 348 966 391; x_wconf 89' lang='lat' dir='ltr'>lubitu</span> <span class='ocrx_word' id='word_1_11' title='bbox 1003 349 1145 391; x_wconf 83' lang='lat' dir='ltr'>affumi</span> <span class='ocrx_word' id='word_1_12' title='bbox 1180 350 1340 403; x_wconf 79' lang='lat' dir='ltr'>potest3</span> <span class='ocrx_word' id='word_1_13' title='bbox 1378 352 1606 394; x_wconf 79' lang='lat' dir='ltr'>conueniet</span> <span class='ocrx_word' id='word_1_14' title='bbox 1643 364 1715 391; x_wconf 80' lang='lat' dir='ltr'>au-</span> 
     </span>
     <span class='ocr_line' id='line_1_6' title="bbox 126 414 1714 469; baseline -0.001 -14"><span class='ocrx_word' id='word_1_15' title='bbox 126 423 213 456; x_wconf 87' lang='lat' dir='ltr'>tem</span> <span class='ocrx_word' id='word_1_16' title='bbox 248 426 340 455; x_wconf 87' lang='lat' dir='ltr'>eam</span> <span class='ocrx_word' id='word_1_17' title='bbox 375 414 432 454; x_wconf 82' lang='lat' dir='ltr'>ita</span> <span class='ocrx_word' id='word_1_18' title='bbox 467 414 627 468; x_wconf 84' lang='lat' dir='ltr'>accipi,</span> <span class='ocrx_word' id='word_1_19' title='bbox 662 424 708 455; x_wconf 92' lang='lat' dir='ltr'>vt</span> <span class='ocrx_word' id='word_1_20' title='bbox 740 427 888 468; x_wconf 77' lang='lat' dir='ltr'>parum</span> <span class='ocrx_word' id='word_1_21' title='bbox 924 428 946 456; x_wconf 82' lang='lat' dir='ltr'>a</span> <span class='ocrx_word' id='word_1_22' title='bbox 981 414 1125 456; x_wconf 87' lang='lat' dir='ltr'>valore</span> <span class='ocrx_word' id='word_1_23' title='bbox 1162 416 1313 456; x_wconf 85' lang='lat' dir='ltr'>radicis</span> <span class='ocrx_word' id='word_1_24' title='bbox 1334 428 1358 455; x_wconf 81' lang='lat' dir='ltr'><em>z</em></span> <span class='ocrx_word' id='word_1_25' title='bbox 1380 415 1598 469; x_wconf 82' lang='lat' dir='ltr'><strong>discrepet.</strong></span> <span class='ocrx_word' id='word_1_26' title='bbox 1652 414 1714 455; x_wconf 81' lang='lat' dir='ltr'>Ita</span> 
     </span>
     <span class='ocr_line' id='line_1_7' title="bbox 124 478 1711 533; baseline -0.003 -13"><span class='ocrx_word' id='word_1_27' title='bbox 124 478 153 520; x_wconf 87' lang='lat' dir='ltr'>fi</span> <span class='ocrx_word' id='word_1_28' title='bbox 189 479 395 520; x_wconf 80' lang='lat' dir='ltr'>sumamus</span> <span class='ocrx_word' id='word_1_29' title='bbox 431 490 538 518; x_wconf 75' lang='lat' dir='ltr'>v:</span> <span class='ocrx_word' id='word_1_30' title='bbox 565 492 604 530; x_wconf 92' lang='lat'>1,</span> <span class='ocrx_word' id='word_1_31' title='bbox 643 480 784 533; x_wconf 86' lang='lat' dir='ltr'>prodit</span> <span class='ocrx_word' id='word_1_32' title='bbox 819 478 1081 519; x_wconf 70' lang='lat' dir='ltr'>v3-v—÷—1</span> <span class='ocrx_word' id='word_1_33' title='bbox 1110 492 1213 518; x_wconf 68' lang='grc' dir='ltr'>ΣΙ</span> <span class='ocrx_word' id='word_1_34' title='bbox 1255 489 1297 520; x_wconf 87' lang='lat' dir='ltr'>et</span> <span class='ocrx_word' id='word_1_35' title='bbox 1334 493 1558 528; x_wconf 76' lang='lat' dir='ltr'><em>3vv—1</em></span> <span class='ocrx_word' id='word_1_36' title='bbox 1587 493 1711 530; x_wconf 68' lang='lat' dir='ltr'>za,</span> 
     </span>
     <span class='ocr_line' id='line_1_8' title="bbox 123 542 1709 597; baseline -0.001 -12"><span class='ocrx_word' id='word_1_37' title='bbox 123 544 234 585; x_wconf 84' lang='lat' dir='ltr'>vnde</span> <span class='ocrx_word' id='word_1_38' title='bbox 278 543 326 583; x_wconf 89' lang='lat' dir='ltr'>fit</span> <span class='ocrx_word' id='word_1_39' title='bbox 368 556 475 583; x_wconf 74' lang='lat' dir='ltr'>z:</span> <span class='ocrx_word' id='word_1_40' title='bbox 499 556 516 580; x_wconf 95' lang='lat'>1</span> <span class='ocrx_word' id='word_1_41' title='bbox 541 542 892 595; x_wconf 53' lang='grc' dir='ltr'>ᾑ-ἕ--ἒ--ξ,</span> <span class='ocrx_word' id='word_1_42' title='bbox 947 544 1018 597; x_wconf 83' lang='lat' dir='ltr'>qui</span> <span class='ocrx_word' id='word_1_43' title='bbox 1062 553 1204 584; x_wconf 88' lang='lat' dir='ltr'>autem</span> <span class='ocrx_word' id='word_1_44' title='bbox 1248 545 1367 586; x_wconf 78' lang='lat' dir='ltr'>valor</span> <span class='ocrx_word' id='word_1_45' title='bbox 1402 545 1452 587; x_wconf 83' lang='lat' dir='ltr'>ad</span> <span class='ocrx_word' id='word_1_46' title='bbox 1490 546 1709 586; x_wconf 76' lang='lat' dir='ltr'>veritatem</span> 
     </span>
    </p>
   </div>
   <div class='ocr_carea' id='block_1_6' title="bbox 121 574 747 662">
    <p class='ocr_par' dir='ltr' id='par_1_6' title="bbox 121 574 747 662">
     <span class='ocr_line' id='line_1_9' title="bbox 733 574 745 596; baseline 0 0"><span class='ocrx_word' id='word_1_47' title='bbox 733 574 745 596; x_wconf 76' lang='lat'>8</span> 
     </span>
     <span class='ocr_line' id='line_1_10' title="bbox 121 608 747 662; baseline -0.011 -13"><span class='ocrx_word' id='word_1_48' title='bbox 121 621 269 662; x_wconf 83' lang='lat' dir='ltr'>parum</span> <span class='ocrx_word' id='word_1_49' title='bbox 306 608 484 648; x_wconf 89' lang='lat' dir='ltr'>accedit.</span> <span class='ocrx_word' id='word_1_50' title='bbox 519 648 521 650; x_wconf 60' lang='grc'>,</span> <span class='ocrx_word' id='word_1_51' title='bbox 745 610 747 613; x_wconf 85' lang='grc'><strong>’</strong></span> 
     </span>
    </p>
   </div>
   <div class='ocr_carea' id='block_1_7' title="bbox 113 725 1711 1356">
    <p class='ocr_par' dir='ltr' id='par_1_7' title="bbox 113 725 1711 1356">
     <span class='ocr_line' id='line_1_11' title="bbox 314 725 1711 782; baseline 0.004 -17"><span class='ocrx_word' id='word_1_52' title='bbox 314 726 348 779; x_wconf 81' lang='lat'>§.</span> <span class='ocrx_word' id='word_1_53' title='bbox 391 739 460 765; x_wconf 90' lang='lat'>11.</span> <span class='ocrx_word' id='word_1_54' title='bbox 528 725 597 766; x_wconf 81' lang='lat' dir='ltr'>Ex</span> <span class='ocrx_word' id='word_1_55' title='bbox 633 727 717 767; x_wconf 91' lang='lat' dir='ltr'>hoc</span> <span class='ocrx_word' id='word_1_56' title='bbox 753 736 893 768; x_wconf 86' lang='lat' dir='ltr'>autem</span> <span class='ocrx_word' id='word_1_57' title='bbox 931 725 1134 781; x_wconf 83' lang='lat' dir='ltr'>exemplo</span> <span class='ocrx_word' id='word_1_58' title='bbox 1171 735 1321 782; x_wconf 85' lang='lat' dir='ltr'>patet,</span> <span class='ocrx_word' id='word_1_59' title='bbox 1376 729 1711 782; x_wconf 86' lang='lat' dir='ltr'>approximatio-</span> 
     </span>
     <span class='ocr_line' id='line_1_12' title="bbox 122 790 1710 847; baseline 0.001 -15"><span class='ocrx_word' id='word_1_60' title='bbox 122 803 220 832; x_wconf 88' lang='lat' dir='ltr'>nem</span> <span class='ocrx_word' id='word_1_61' title='bbox 263 791 337 831; x_wconf 85' lang='lat' dir='ltr'>vix</span> <span class='ocrx_word' id='word_1_62' title='bbox 379 790 636 841; x_wconf 86' lang='lat' dir='ltr'>succedere,</span> <span class='ocrx_word' id='word_1_63' title='bbox 689 791 762 831; x_wconf 78' lang='lat' dir='ltr'>nisi</span> <span class='ocrx_word' id='word_1_64' title='bbox 806 793 926 831; x_wconf 87' lang='lat' dir='ltr'>valor</span> <span class='ocrx_word' id='word_1_65' title='bbox 961 792 1091 831; x_wconf 75' lang='lat' dir='ltr'>radici</span> <span class='ocrx_word' id='word_1_66' title='bbox 1126 806 1151 832; x_wconf 78' lang='lat' dir='ltr'><em>z</em></span> <span class='ocrx_word' id='word_1_67' title='bbox 1187 792 1410 846; x_wconf 86' lang='lat' dir='ltr'>proximus</span> <span class='ocrx_word' id='word_1_68' title='bbox 1448 794 1710 847; x_wconf 79' lang='lat' dir='ltr'>accipiatur,</span> 
     </span>
     <span class='ocr_line' id='line_1_13' title="bbox 121 854 1706 908; baseline 0.002 -13"><span class='ocrx_word' id='word_1_69' title='bbox 121 865 211 896; x_wconf 89' lang='lat' dir='ltr'>tum</span> <span class='ocrx_word' id='word_1_70' title='bbox 261 864 402 895; x_wconf 87' lang='lat' dir='ltr'>autem</span> <span class='ocrx_word' id='word_1_71' title='bbox 454 854 682 894; x_wconf 83' lang='lat' dir='ltr'>methodus</span> <span class='ocrx_word' id='word_1_72' title='bbox 729 855 914 908; x_wconf 82' lang='lat' dir='ltr'>vulgaris</span> <span class='ocrx_word' id='word_1_73' title='bbox 967 856 1188 907; x_wconf 82' lang='lat' dir='ltr'>negotium</span> <span class='ocrx_word' id='word_1_74' title='bbox 1242 857 1381 897; x_wconf 89' lang='lat' dir='ltr'>multo</span> <span class='ocrx_word' id='word_1_75' title='bbox 1434 859 1706 898; x_wconf 84' lang='lat' dir='ltr'>commodius</span> 
     </span>
     <span class='ocr_line' id='line_1_14' title="bbox 119 915 1706 964; baseline 0.001 -4"><span class='ocrx_word' id='word_1_76' title='bbox 119 918 306 960; x_wconf 87' lang='lat' dir='ltr'>conficit.</span> <span class='ocrx_word' id='word_1_77' title='bbox 377 917 550 957; x_wconf 84' lang='lat' dir='ltr'>Interim</span> <span class='ocrx_word' id='word_1_78' title='bbox 589 915 728 957; x_wconf 77' lang='lat' dir='ltr'>tamen</span> <span class='ocrx_word' id='word_1_79' title='bbox 765 918 889 959; x_wconf 85' lang='lat' dir='ltr'>series</span> <span class='ocrx_word' id='word_1_80' title='bbox 928 919 1004 959; x_wconf 88' lang='lat' dir='ltr'>hac</span> <span class='ocrx_word' id='word_1_81' title='bbox 1043 915 1484 961; x_wconf 82' lang='lat' dir='ltr'>methodoinuentae</span> <span class='ocrx_word' id='word_1_82' title='bbox 1522 923 1706 964; x_wconf 79' lang='lat' dir='ltr'>maxime</span> 
     </span>
     <span class='ocr_line' id='line_1_15' title="bbox 117 976 1709 1039; baseline 0.002 -16"><span class='ocrx_word' id='word_1_83' title='bbox 117 983 209 1023; x_wconf 89' lang='lat' dir='ltr'>sunt</span> <span class='ocrx_word' id='word_1_84' title='bbox 252 976 584 1030; x_wconf 68' lang='lat' dir='ltr'>memorabiles,</span> <span class='ocrx_word' id='word_1_85' title='bbox 640 982 840 1031; x_wconf 78' lang='lat' dir='ltr'>quoniam</span> <span class='ocrx_word' id='word_1_86' title='bbox 887 982 927 1019; x_wconf 88' lang='lat' dir='ltr'>in</span> <span class='ocrx_word' id='word_1_87' title='bbox 974 982 1187 1022; x_wconf 87' lang='lat' dir='ltr'>infinitum</span> <span class='ocrx_word' id='word_1_88' title='bbox 1241 985 1508 1025; x_wconf 77' lang='lat' dir='ltr'>continuatae</span> <span class='ocrx_word' id='word_1_89' title='bbox 1544 986 1709 1039; x_wconf 87' lang='lat' dir='ltr'>semper</span> 
     </span>
     <span class='ocr_line' id='line_1_16' title="bbox 115 1044 1708 1102; baseline 0.003 -16"><span class='ocrx_word' id='word_1_90' title='bbox 115 1046 297 1087; x_wconf 89' lang='lat' dir='ltr'>eundem</span> <span class='ocrx_word' id='word_1_91' title='bbox 334 1044 523 1085; x_wconf 87' lang='lat' dir='ltr'>valorem</span> <span class='ocrx_word' id='word_1_92' title='bbox 559 1056 637 1097; x_wconf 85' lang='lat' dir='ltr'>pro</span> <span class='ocrx_word' id='word_1_93' title='bbox 671 1056 697 1083; x_wconf 85' lang='lat' dir='ltr'><em>z</em></span> <span class='ocrx_word' id='word_1_94' title='bbox 738 1044 976 1094; x_wconf 78' lang='lat' dir='ltr'>exhibent,</span> <span class='ocrx_word' id='word_1_95' title='bbox 1031 1046 1275 1099; x_wconf 87' lang='lat' dir='ltr'>quicunque</span> <span class='ocrx_word' id='word_1_96' title='bbox 1322 1061 1521 1088; x_wconf 88' lang='lat' dir='ltr'>numerus</span> <span class='ocrx_word' id='word_1_97' title='bbox 1566 1063 1643 1102; x_wconf 90' lang='lat' dir='ltr'>pro</span> <span class='ocrx_word' id='word_1_98' title='bbox 1680 1063 1708 1089; x_wconf 81' lang='lat' dir='ltr'><em>v</em></span> 
     </span>
     <span class='ocr_line' id='line_1_17' title="bbox 113 1107 1708 1161; baseline 0.001 -11"><span class='ocrx_word' id='word_1_99' title='bbox 113 1109 241 1150; x_wconf 84' lang='lat' dir='ltr'>fuerit</span> <span class='ocrx_word' id='word_1_100' title='bbox 275 1110 486 1150; x_wconf 77' lang='lat' dir='ltr'>assumtus.</span> <span class='ocrx_word' id='word_1_101' title='bbox 556 1107 770 1161; x_wconf 86' lang='lat' dir='ltr'>Imprimis</span> <span class='ocrx_word' id='word_1_102' title='bbox 816 1119 957 1149; x_wconf 84' lang='lat' dir='ltr'>autem</span> <span class='ocrx_word' id='word_1_103' title='bbox 1003 1109 1106 1150; x_wconf 84' lang='lat' dir='ltr'>haec</span> <span class='ocrx_word' id='word_1_104' title='bbox 1152 1110 1382 1150; x_wconf 87' lang='lat' dir='ltr'>methodus</span> <span class='ocrx_word' id='word_1_105' title='bbox 1427 1125 1602 1152; x_wconf 90' lang='lat' dir='ltr'>omnem</span> <span class='ocrx_word' id='word_1_106' title='bbox 1647 1122 1708 1154; x_wconf 90' lang='lat' dir='ltr'>at-</span> 
     </span>
     <span class='ocr_line' id='line_1_18' title="bbox 114 1172 1706 1230; baseline 0.003 -17"><span class='ocrx_word' id='word_1_107' title='bbox 114 1173 349 1214; x_wconf 86' lang='lat' dir='ltr'>tentionem</span> <span class='ocrx_word' id='word_1_108' title='bbox 385 1181 605 1223; x_wconf 88' lang='lat' dir='ltr'>meretur,</span> <span class='ocrx_word' id='word_1_109' title='bbox 660 1173 773 1224; x_wconf 86' lang='lat' dir='ltr'>quod</span> <span class='ocrx_word' id='word_1_110' title='bbox 812 1186 897 1213; x_wconf 91' lang='lat' dir='ltr'>non</span> <span class='ocrx_word' id='word_1_111' title='bbox 933 1172 1071 1213; x_wconf 85' lang='lat' dir='ltr'>solum</span> <span class='ocrx_word' id='word_1_112' title='bbox 1108 1174 1231 1215; x_wconf 88' lang='lat' dir='ltr'>series</span> <span class='ocrx_word' id='word_1_113' title='bbox 1268 1174 1468 1215; x_wconf 86' lang='lat' dir='ltr'>exhibeat</span> <span class='ocrx_word' id='word_1_114' title='bbox 1508 1190 1586 1230; x_wconf 92' lang='lat' dir='ltr'>pro</span> <span class='ocrx_word' id='word_1_115' title='bbox 1621 1178 1706 1230; x_wconf 78' lang='lat' dir='ltr'>ipsa</span> 
     </span>
     <span class='ocr_line' id='line_1_19' title="bbox 115 1236 1707 1295; baseline 0.003 -18"><span class='ocrx_word' id='word_1_116' title='bbox 115 1237 277 1289; x_wconf 86' lang='lat' dir='ltr'>radice,</span> <span class='ocrx_word' id='word_1_117' title='bbox 314 1237 380 1277; x_wconf 84' lang='lat' dir='ltr'>sed</span> <span class='ocrx_word' id='word_1_118' title='bbox 417 1236 542 1276; x_wconf 84' lang='lat' dir='ltr'>etiam</span> <span class='ocrx_word' id='word_1_119' title='bbox 577 1249 656 1289; x_wconf 90' lang='lat' dir='ltr'>pro</span> <span class='ocrx_word' id='word_1_120' title='bbox 694 1237 913 1289; x_wconf 86' lang='lat' dir='ltr'>quibusuis</span> <span class='ocrx_word' id='word_1_121' title='bbox 952 1238 1040 1278; x_wconf 90' lang='lat' dir='ltr'>eius</span> <span class='ocrx_word' id='word_1_122' title='bbox 1078 1239 1379 1292; x_wconf 88' lang='lat' dir='ltr'>potestatibus,</span> <span class='ocrx_word' id='word_1_123' title='bbox 1413 1240 1455 1280; x_wconf 90' lang='lat' dir='ltr'>id</span> <span class='ocrx_word' id='word_1_124' title='bbox 1494 1241 1610 1295; x_wconf 91' lang='lat' dir='ltr'>quod</span> <span class='ocrx_word' id='word_1_125' title='bbox 1647 1241 1707 1282; x_wconf 85' lang='lat' dir='ltr'>se-</span> 
     </span>
     <span class='ocr_line' id='line_1_20' title="bbox 113 1300 850 1356; baseline -0.003 -15"><span class='ocrx_word' id='word_1_126' title='bbox 113 1304 258 1355; x_wconf 89' lang='lat' dir='ltr'>quenti</span> <span class='ocrx_word' id='word_1_127' title='bbox 292 1300 559 1356; x_wconf 86' lang='lat' dir='ltr'>problemate</span> <span class='ocrx_word' id='word_1_128' title='bbox 595 1300 850 1353; x_wconf 70' lang='lat' dir='ltr'>ostendetur,</span> 
     </span>
    </p>
   </div>
   <div class='ocr_carea' id='block_1_8' title="bbox 739 1405 1047 1467">
    <p class='ocr_par' dir='ltr' id='par_1_8' title="bbox 739 1405 1047 1467">
     <span class='ocr_line' id='line_1_21' title="bbox 739 1405 1047 1467; baseline 0.01 -3"><span class='ocrx_word' id='word_1_129' title='bbox 739 1405 1047 1467; x_wconf 83' lang='lat' dir='ltr'>Problema.</span> 
     </span>
    </p>
   </div>
   <div class='ocr_carea' id='block_1_9' title="bbox 100 1505 1703 1694">
    <p class='ocr_par' dir='ltr' id='par_1_9' title="bbox 100 1505 1703 1694">
     <span class='ocr_line' id='line_1_22' title="bbox 303 1505 1703 1566; baseline 0.006 -20"><span class='ocrx_word' id='word_1_130' title='bbox 303 1505 503 1562; x_wconf 68' lang='lat' dir='ltr'>Proposita</span> <span class='ocrx_word' id='word_1_131' title='bbox 539 1509 765 1560; x_wconf 68' lang='lat' dir='ltr'>aequatione</span> <span class='ocrx_word' id='word_1_132' title='bbox 800 1522 1053 1563; x_wconf 56' lang='lat' dir='ltr'>quacunque»,</span> <span class='ocrx_word' id='word_1_133' title='bbox 1110 1523 1208 1563; x_wconf 80' lang='lat' dir='ltr'>quae</span> <span class='ocrx_word' id='word_1_134' title='bbox 1231 1512 1289 1566; x_wconf 81' lang='lat' dir='ltr'>stt</span> <span class='ocrx_word' id='word_1_135' title='bbox 1322 1511 1366 1551; x_wconf 95' lang='lat' dir='ltr'><em>Z</em></span> <span class='ocrx_word' id='word_1_136' title='bbox 1385 1527 1445 1553; x_wconf 62' lang='lat'>:-</span> <span class='ocrx_word' id='word_1_137' title='bbox 1465 1526 1518 1563; x_wconf 78' lang='lat'>0,</span> <span class='ocrx_word' id='word_1_138' title='bbox 1556 1513 1627 1554; x_wconf 79' lang='lat' dir='ltr'>vbi</span> <span class='ocrx_word' id='word_1_139' title='bbox 1659 1514 1703 1555; x_wconf 94' lang='lat' dir='ltr'><em>Z</em></span> 
     </span>
     <span class='ocr_line' id='line_1_23' title="bbox 100 1568 1699 1629; baseline 0.004 -18"><span class='ocrx_word' id='word_1_140' title='bbox 100 1570 157 1622; x_wconf 76' lang='lat' dir='ltr'>stt</span> <span class='ocrx_word' id='word_1_141' title='bbox 191 1568 330 1617; x_wconf 67' lang='grc' dir='ltr'><em>[ιιηὲῖὶο</em></span> <span class='ocrx_word' id='word_1_142' title='bbox 366 1585 607 1624; x_wconf 67' lang='lat' dir='ltr'>qctaecmzque</span> <span class='ocrx_word' id='word_1_143' title='bbox 643 1574 758 1627; x_wconf 74' lang='lat' dir='ltr'>ipsius</span> <span class='ocrx_word' id='word_1_144' title='bbox 792 1587 842 1625; x_wconf 73' lang='lat' dir='ltr'>z,</span> <span class='ocrx_word' id='word_1_145' title='bbox 877 1576 1046 1615; x_wconf 80' lang='lat' dir='ltr'>inuenire</span> <span class='ocrx_word' id='word_1_146' title='bbox 1070 1574 1217 1629; x_wconf 81' lang='lat' dir='ltr'>seriem</span> <span class='ocrx_word' id='word_1_147' title='bbox 1254 1577 1459 1626; x_wconf 71' lang='lat' dir='ltr'>infinitam,</span> <span class='ocrx_word' id='word_1_148' title='bbox 1495 1589 1593 1628; x_wconf 79' lang='lat' dir='ltr'>quae</span> <span class='ocrx_word' id='word_1_149' title='bbox 1626 1591 1699 1618; x_wconf 86' lang='lat' dir='ltr'>non</span> 
     </span>
     <span class='ocr_line' id='line_1_24' title="bbox 102 1631 1698 1694; baseline 0.007 -24"><span class='ocrx_word' id='word_1_150' title='bbox 102 1631 230 1685; x_wconf 76' lang='lat' dir='ltr'>Jblum</span> <span class='ocrx_word' id='word_1_151' title='bbox 266 1633 389 1686; x_wconf 75' lang='lat' dir='ltr'>ipsam</span> <span class='ocrx_word' id='word_1_152' title='bbox 426 1636 596 1676; x_wconf 74' lang='lat' dir='ltr'>radicem</span> <span class='ocrx_word' id='word_1_153' title='bbox 630 1650 680 1689; x_wconf 80' lang='lat' dir='ltr'>z,</span> <span class='ocrx_word' id='word_1_154' title='bbox 721 1636 800 1691; x_wconf 84' lang='lat' dir='ltr'>sed</span> <span class='ocrx_word' id='word_1_155' title='bbox 832 1640 950 1678; x_wconf 76' lang='lat' dir='ltr'>eliam</span> <span class='ocrx_word' id='word_1_156' title='bbox 986 1641 1065 1679; x_wconf 79' lang='lat' dir='ltr'>eius</span> <span class='ocrx_word' id='word_1_157' title='bbox 1094 1640 1324 1693; x_wconf 74' lang='lat' dir='ltr'>potestatem</span> <span class='ocrx_word' id='word_1_158' title='bbox 1359 1652 1619 1694; x_wconf 70' lang='lat' dir='ltr'>quamcunque</span> <span class='ocrx_word' id='word_1_159' title='bbox 1652 1643 1698 1681; x_wconf 54' lang='lat' dir='ltr'>zu</span> 
     </span>
    </p>
   </div>
   <div class='ocr_carea' id='block_1_10' title="bbox 109 1697 1022 1846">
    <p class='ocr_par' dir='ltr' id='par_1_10' title="bbox 109 1697 1022 1846">
     <span class='ocr_line' id='line_1_25' title="bbox 109 1697 328 1756; baseline 0.005 -21"><span class='ocrx_word' id='word_1_160' title='bbox 109 1697 328 1756; x_wconf 53' lang='lat' dir='ltr'>ffprirrtat.</span> 
     </span>
     <span class='ocr_line' id='line_1_26' title="bbox 790 1786 1022 1846; baseline 0.017 -4"><span class='ocrx_word' id='word_1_161' title='bbox 790 1786 919 1844; x_wconf 85' lang='lat' dir='ltr'>Solu</span> <span class='ocrx_word' id='word_1_162' title='bbox 929 1788 1022 1846; x_wconf 80' lang='lat' dir='ltr'>tio,</span> 
     </span>
    </p>
   </div>
   <div class='ocr_carea' id='block_1_11' title="bbox 109 1882 1695 2329">
    <p class='ocr_par' dir='ltr' id='par_1_11' title="bbox 109 1882 1695 2329">
     <span class='ocr_line' id='line_1_27' title="bbox 303 1882 1694 1943; baseline 0.008 -23"><span class='ocrx_word' id='word_1_163' title='bbox 303 1882 336 1935; x_wconf 53' lang='grc' dir='ltr'>ᾗ.</span> <span class='ocrx_word' id='word_1_164' title='bbox 378 1897 447 1923; x_wconf 80' lang='lat'>12.</span> <span class='ocrx_word' id='word_1_165' title='bbox 515 1885 800 1928; x_wconf 88' lang='lat' dir='ltr'>Ratiocinium</span> <span class='ocrx_word' id='word_1_166' title='bbox 836 1890 1070 1931; x_wconf 87' lang='lat' dir='ltr'>instituatur</span> <span class='ocrx_word' id='word_1_167' title='bbox 1104 1898 1151 1930; x_wconf 89' lang='lat' dir='ltr'>vt</span> <span class='ocrx_word' id='word_1_168' title='bbox 1184 1898 1305 1943; x_wconf 86' lang='lat' dir='ltr'>ante,</span> <span class='ocrx_word' id='word_1_169' title='bbox 1343 1891 1501 1939; x_wconf 82' lang='lat' dir='ltr'>scilicet</span> <span class='ocrx_word' id='word_1_170' title='bbox 1534 1892 1635 1932; x_wconf 86' lang='lat' dir='ltr'>loco</span> <span class='ocrx_word' id='word_1_171' title='bbox 1671 1906 1694 1931; x_wconf 73' lang='lat' dir='ltr'><em>z</em></span> 
     </span>
     <span class='ocr_line' id='line_1_28' title="bbox 110 1945 1695 2008; baseline 0.006 -23"><span class='ocrx_word' id='word_1_172' title='bbox 110 1945 306 1986; x_wconf 87' lang='lat' dir='ltr'>scribatur</span> <span class='ocrx_word' id='word_1_173' title='bbox 345 1948 549 1999; x_wconf 82' lang='lat' dir='ltr'>quantitas</span> <span class='ocrx_word' id='word_1_174' title='bbox 587 1965 864 2007; x_wconf 80' lang='lat' dir='ltr'>quaecunque</span> <span class='ocrx_word' id='word_1_175' title='bbox 900 1967 944 2005; x_wconf 77' lang='lat' dir='ltr'>v,</span> <span class='ocrx_word' id='word_1_176' title='bbox 980 1955 1090 1994; x_wconf 88' lang='lat' dir='ltr'>vnde</span> <span class='ocrx_word' id='word_1_177' title='bbox 1127 1953 1163 1995; x_wconf 93' lang='lat' dir='ltr'>Z</span> <span class='ocrx_word' id='word_1_178' title='bbox 1199 1956 1319 1995; x_wconf 84' lang='lat' dir='ltr'>abeat</span> <span class='ocrx_word' id='word_1_179' title='bbox 1353 1958 1394 1995; x_wconf 85' lang='lat' dir='ltr'>in</span> <span class='ocrx_word' id='word_1_180' title='bbox 1423 1957 1480 2003; x_wconf 85' lang='lat' dir='ltr'>V‚·</span> <span class='ocrx_word' id='word_1_181' title='bbox 1517 1966 1560 1996; x_wconf 85' lang='lat' dir='ltr'>ct</span> <span class='ocrx_word' id='word_1_182' title='bbox 1597 1969 1695 2008; x_wconf 80' lang='lat' dir='ltr'>qua·</span> 
     </span>
     <span class='ocr_line' id='line_1_29' title="bbox 109 2013 1693 2072; baseline 0.008 -25"><span class='ocrx_word' id='word_1_183' title='bbox 109 2019 230 2049; x_wconf 86' lang='lat' dir='ltr'>tenus</span> <span class='ocrx_word' id='word_1_184' title='bbox 261 2023 288 2049; x_wconf 83' lang='lat' dir='ltr'><em>v</em></span> <span class='ocrx_word' id='word_1_185' title='bbox 317 2023 400 2050; x_wconf 90' lang='lat' dir='ltr'>non</span> <span class='ocrx_word' id='word_1_186' title='bbox 439 2013 493 2052; x_wconf 86' lang='lat' dir='ltr'>est</span> <span class='ocrx_word' id='word_1_187' title='bbox 528 2016 646 2065; x_wconf 82' lang='lat' dir='ltr'>radix</span> <span class='ocrx_word' id='word_1_188' title='bbox 681 2018 944 2069; x_wconf 69' lang='lat' dir='ltr'>aequatimns</span> <span class='ocrx_word' id='word_1_189' title='bbox 979 2019 1235 2072; x_wconf 77' lang='lat' dir='ltr'>propositae,</span> <span class='ocrx_word' id='word_1_190' title='bbox 1273 2028 1443 2060; x_wconf 80' lang='lat' dir='ltr'>eatenus</span> <span class='ocrx_word' id='word_1_191' title='bbox 1466 2019 1614 2061; x_wconf 86' lang='lat' dir='ltr'>Vnon</span> <span class='ocrx_word' id='word_1_192' title='bbox 1652 2020 1693 2059; x_wconf 89' lang='lat' dir='ltr'>in</span> 
     </span>
     <span class='ocr_line' id='line_1_30' title="bbox 110 2073 1692 2137; baseline 0.008 -26"><span class='ocrx_word' id='word_1_193' title='bbox 110 2073 290 2113; x_wconf 87' lang='lat' dir='ltr'>nihilum</span> <span class='ocrx_word' id='word_1_194' title='bbox 328 2074 469 2115; x_wconf 86' lang='lat' dir='ltr'>abibit.</span> <span class='ocrx_word' id='word_1_195' title='bbox 522 2076 732 2119; x_wconf 81' lang='lat' dir='ltr'>Ponamus</span> <span class='ocrx_word' id='word_1_196' title='bbox 768 2081 913 2134; x_wconf 77' lang='lat' dir='ltr'>igitur,</span> <span class='ocrx_word' id='word_1_197' title='bbox 951 2092 996 2123; x_wconf 87' lang='lat' dir='ltr'>vt</span> <span class='ocrx_word' id='word_1_198' title='bbox 1031 2083 1170 2137; x_wconf 85' lang='lat' dir='ltr'>supra,</span> <span class='ocrx_word' id='word_1_199' title='bbox 1209 2083 1389 2135; x_wconf 68' lang='lat' dir='ltr'>sz,</span> <span class='ocrx_word' id='word_1_200' title='bbox 1427 2085 1467 2123; x_wconf 86' lang='lat'>&amp;</span> <span class='ocrx_word' id='word_1_201' title='bbox 1502 2084 1628 2125; x_wconf 85' lang='lat' dir='ltr'>etiam</span> <span class='ocrx_word' id='word_1_202' title='bbox 1664 2097 1692 2124; x_wconf 71' lang='lat' dir='ltr'><em>v</em></span> 
     </span>
     <span class='ocr_line' id='line_1_31' title="bbox 111 2137 1689 2200; baseline 0.007 -24"><span class='ocrx_word' id='word_1_203' title='bbox 111 2137 279 2190; x_wconf 74' lang='lat' dir='ltr'>spec‘tari</span> <span class='ocrx_word' id='word_1_204' title='bbox 323 2141 480 2192; x_wconf 85' lang='lat' dir='ltr'>poterit</span> <span class='ocrx_word' id='word_1_205' title='bbox 521 2151 567 2181; x_wconf 88' lang='lat' dir='ltr'>vt</span> <span class='ocrx_word' id='word_1_206' title='bbox 610 2143 767 2184; x_wconf 63' lang='lat' dir='ltr'>funftio</span> <span class='ocrx_word' id='word_1_207' title='bbox 810 2146 935 2199; x_wconf 87' lang='lat' dir='ltr'>ipfius</span> <span class='ocrx_word' id='word_1_208' title='bbox 960 2160 992 2195; x_wconf 80' lang='lat' dir='ltr'><em>y</em></span> <span class='ocrx_word' id='word_1_209' title='bbox 1016 2177 1029 2199; x_wconf 89' lang='lat'>,</span> <span class='ocrx_word' id='word_1_210' title='bbox 1084 2161 1189 2200; x_wconf 84' lang='lat' dir='ltr'>quae</span> <span class='ocrx_word' id='word_1_211' title='bbox 1226 2161 1330 2200; x_wconf 86' lang='lat' dir='ltr'>ergo</span> <span class='ocrx_word' id='word_1_212' title='bbox 1365 2149 1420 2188; x_wconf 84' lang='lat' dir='ltr'>ita</span> <span class='ocrx_word' id='word_1_213' title='bbox 1455 2148 1535 2187; x_wconf 90' lang='lat' dir='ltr'>erit</span> <span class='ocrx_word' id='word_1_214' title='bbox 1569 2161 1689 2188; x_wconf 89' lang='lat' dir='ltr'>com-</span> 
     </span>
     <span class='ocr_line' id='line_1_32' title="bbox 109 2204 1689 2267; baseline 0.008 -27"><span class='ocrx_word' id='word_1_215' title='bbox 109 2212 280 2254; x_wconf 83' lang='lat' dir='ltr'>parata,</span> <span class='ocrx_word' id='word_1_216' title='bbox 316 2213 362 2243; x_wconf 86' lang='lat' dir='ltr'>vt</span> <span class='ocrx_word' id='word_1_217' title='bbox 397 2204 520 2255; x_wconf 82' lang='lat' dir='ltr'>casu,</span> <span class='ocrx_word' id='word_1_218' title='bbox 559 2219 644 2259; x_wconf 86' lang='lat' dir='ltr'>quo</span> <span class='ocrx_word' id='word_1_219' title='bbox 679 2210 851 2261; x_wconf 85' lang='lat' dir='ltr'>ponitur</span> <span class='ocrx_word' id='word_1_220' title='bbox 874 2224 985 2260; x_wconf 75' lang='lat' dir='ltr'>y:</span> <span class='ocrx_word' id='word_1_221' title='bbox 1007 2224 1051 2261; x_wconf 84' lang='lat'>0,</span> <span class='ocrx_word' id='word_1_222' title='bbox 1089 2212 1159 2252; x_wconf 83' lang='lat' dir='ltr'>fiat</span> <span class='ocrx_word' id='word_1_223' title='bbox 1193 2224 1369 2263; x_wconf 57' lang='grc' dir='ltr'>τῖε,</span> <span class='ocrx_word' id='word_1_224' title='bbox 1424 2212 1689 2267; x_wconf 85' lang='lat' dir='ltr'>quandoqui-</span> 
     </span>
     <span class='ocr_line' id='line_1_33' title="bbox 112 2264 1230 2329; baseline 0.01 -26"><span class='ocrx_word' id='word_1_225' title='bbox 112 2264 210 2305; x_wconf 89' lang='lat' dir='ltr'>dem</span> <span class='ocrx_word' id='word_1_226' title='bbox 244 2267 327 2311; x_wconf 85' lang='lat' dir='ltr'>hoc</span> <span class='ocrx_word' id='word_1_227' title='bbox 363 2268 455 2309; x_wconf 85' lang='lat' dir='ltr'>casu</span> <span class='ocrx_word' id='word_1_228' title='bbox 490 2270 569 2309; x_wconf 88' lang='lat' dir='ltr'>erit</span> <span class='ocrx_word' id='word_1_229' title='bbox 602 2284 629 2311; x_wconf 83' lang='lat' dir='ltr'><em>v</em></span> <span class='ocrx_word' id='word_1_230' title='bbox 662 2285 759 2313; x_wconf 85' lang='lat' dir='ltr'>vera</span> <span class='ocrx_word' id='word_1_231' title='bbox 796 2277 1059 2329; x_wconf 82' lang='lat' dir='ltr'>aequationis</span> <span class='ocrx_word' id='word_1_232' title='bbox 1096 2276 1230 2316; x_wconf 80' lang='lat' dir='ltr'>radix.</span> 
     </span>
    </p>
   </div>
   <div class='ocr_carea' id='block_1_12' title="bbox 885 2401 1685 2455">
    <p class='ocr_par' dir='ltr' id='par_1_12' title="bbox 885 2401 1685 2455">
     <span class='ocr_line' id='line_1_34' title="bbox 885 2401 1685 2455; baseline 0.001 -14"><span class='ocrx_word' id='word_1_233' title='bbox 885 2401 921 2442; x_wconf 91' lang='lat' dir='ltr'>C</span> <span class='ocrx_word' id='word_1_234' title='bbox 961 2414 1016 2450; x_wconf 83' lang='grc'>3,</span> <span class='ocrx_word' id='word_1_235' title='bbox 1540 2403 1575 2455; x_wconf 56' lang='grc' dir='ltr'>ᾗ.</span> <span class='ocrx_word' id='word_1_236' title='bbox 1618 2417 1685 2452; x_wconf 75' lang='lat'>13.</span> 
     </span>
    </p>
   </div>
  </div>
 </body>
</html>
