2007 2702
656 216 807 229 ---
840 200 994 258 (261)
1028 218 1179 232 --··-

125 318 279 370 cedat,
306 315 475 370 'forcipe
510 314 827 369 prehendatur,
865 330 887 358 a
921 326 1037 371 parte
1074 317 1356 373 explicanda,
1393 317 1460 359 cui
1495 318 1712 373 adhaeret,

125 383 376 422 abstrahatur
412 390 454 420 et
488 381 740 421 extendatur
762 410 775 433 ,
811 395 943 436 eaque
980 383 1144 422 ratione
1182 381 1231 422 ab
1269 395 1315 422 ea
1350 382 1573 423 resecetur.
1641 383 1713 426 Sic

125 458 229 498 ergo
273 446 315 485 in
362 443 430 484 fila
476 454 546 485 aut
589 444 762 486 laminas
810 446 1042 487 semifluida
1086 456 1129 488 et
1173 456 1299 486 tenax
1342 446 1559 487 substantia
1593 449 1714 489 etin

122 509 366 549 cellulosam
413 508 538 549 telam
583 510 839 550 extenditur.
908 510 1066 564 Neque
1111 521 1285 565 apparet
1329 510 1449 552 facile
1494 511 1715 554 substantia

118 573 193 614 nifi
228 573 337 612 inter
372 574 472 613 duas
508 582 644 626 partes
669 603 681 625 ,
716 587 762 615 ea
799 575 1140 628 conglutinatas5
1194 574 1313 613 velut
1346 576 1454 616 inter
1496 575 1713 618 musculos

120 637 260 687 duos,
313 646 381 677 aut
426 637 525 677 duas
571 638 869 689 membranas,
922 638 1076 678 aliasue
1119 646 1272 691 partes.
1340 638 1432 679 Hae
1478 640 1715 681 admodum

118 701 281 741 vicinae
317 703 479 754 iemper
513 700 584 740 fibi
619 711 771 741 mutuo
814 701 1104 753 accumbunt,
1140 701 1490 755 substantiamque
1526 704 1636 744 inter
1671 704 1714 746 se

119 775 360 805 contentam
403 765 675 805 abscondunt.
763 763 993 804 Obseruari
1038 778 1142 817 ergo
1188 778 1273 804 non
1318 766 1488 817 potest,
1542 767 1614 807 nisi
1651 781 1719 807 re-

116 829 245 869 motis
283 829 552 883 distentisque
589 842 610 869 a
647 828 684 868 se
721 838 872 868 mutuo
908 827 1095 882 partibus
1132 828 1217 880 ipsa
1271 829 1566 881 conglutinans
1605 844 1714 883 quo-

122 906 203 946 que
239 892 454 932 substantia
490 893 611 932 fimul
647 893 925 943 extendatur,
964 905 1094 945 quae,
1132 892 1204 932 nifi
1239 892 1280 931 in
1318 891 1387 933 fila
1421 902 1492 934 aut
1532 894 1711 935 laminas

119 957 332 996 tenuiores
372 956 581 1005 distracta,
618 968 670 994 eo
698 968 856 1009 Vsque,
895 969 981 1009 quo
1020 955 1126 995 solet
1160 956 1359 1008 extendi,
1395 966 1438 996 et
1475 971 1561 1010 quo
1598 971 1711 1011 eam,

115 1029 161 1059 vt
196 1018 701 1068 distinete'obseruetur,
755 1020 985 1059 extendere
1023 1027 1229 1073 oportet,
1283 1021 1455 1061 extendi
1500 1035 1587 1062 non
1630 1035 1711 1076 po-

114 1082 203 1123 test.
271 1083 426 1135 Neque
473 1084 600 1122 etiam
645 1082 878 1122 accuratius
924 1083 1046 1123 nobis
1094 1083 1310 1124 substantia
1346 1085 1556 1127 obseruari
1592 1087 1710 1139 poffe

112 1147 313 1197 videtur,
355 1159 478 1199 quam
516 1147 542 1186 fi
579 1145 746 1186 extensa
784 1140 919 1186 oculis
957 1147 1147 1188 offertur.
1217 1147 1286 1188 Sic
1323 1149 1521 1190 omnibus
1565 1151 1709 1191 modis

113 1223 218 1263 ergo
264 1210 510 1251 cellulosam
553 1209 816 1251 substantiam
859 1210 1094 1265 fingimus,
1148 1220 1376 1265 antequam
1420 1227 1514 1254 eam
1565 1215 1710 1255 obier-

111 1286 275 1315 vamus.

305 1404 338 1457 §.
378 1414 417 1452 ς.
486 1404 604 1445 Haec
641 1417 687 1442 ea
732 1403 940 1455 imprimis
987 1403 1093 1443 mihi
1130 1405 1209 1445 effe
1243 1405 1479 1456 videntur,
1530 1405 1708 1447 artificia

113 1466 257 1520 quafi,
305 1468 457 1521 quibus
495 1476 634 1506 textus
673 1467 860 1507 cellulofi
896 1468 988 1508 idea
1023 1477 1148 1520 atque
1184 1470 1328 1522 imago
1366 1468 1404 1509 se
1440 1468 1564 1509 nobis
1608 1469 1705 1510 infi-

112 1531 318 1569 nuauerit.
389 1530 570 1570 Acceslit
605 1531 757 1570 deinde
794 1541 1090 1585 argumentum
1129 1534 1363 1587 speciosum
1386 1562 1399 1585 ,
1437 1547 1557 1586 quo,
1597 1547 1704 1587 quae

109 1605 186 1645 per
231 1591 270 1632 se
313 1593 396 1633 iam
440 1593 533 1633 satis
579 1594 686 1634 clara
721 1606 848 1649 atque
885 1596 1098 1637 manifesta
1134 1598 1212 1637 effe
1247 1598 1529 1648 videbantur,
1576 1598 1707 1638 etiam

108 1656 396 1709 pulcherrime
444 1658 838 1699 demonstrarentur.
925 1660 995 1700 Est
1031 1674 1077 1701 ea
1113 1662 1422 1714 conglutinanti
1466 1662 1565 1702 huic
1608 1661 1705 1701 sub-

109 1719 276 1760 stantiae
321 1721 486 1762 indoles
509 1751 521 1772 ,
574 1725 811 1763 communis
858 1725 942 1764 fere
979 1738 1076 1765 cum
1113 1726 1310 1766 omnibus
1348 1725 1602 1779 corporibus
1642 1725 1704 1766 se-

110 1784 348 1836 mifluidis,
404 1786 546 1839 aliquo
592 1788 823 1828 tenacitatis
879 1789 1010 1842 gradu
1065 1790 1297 1842 praeditis,
1352 1799 1398 1830 vt
1440 1789 1701 1843 impreffioni

110 1848 348 1901 cuicunque
386 1848 506 1889 facile
544 1851 664 1891 cedat
699 1853 896 1905 quidem,
933 1853 1000 1892 sed
1038 1866 1085 1894 ea
1120 1853 1395 1894 solummodo
1439 1853 1513 1893 sub
1551 1852 1704 1892 condi-

112 1911 254 1962 tione,
307 1923 352 1951 vt
387 1915 614 1965 particulae
650 1915 762 1966 eius,
801 1917 903 1956 dum
939 1916 988 1957 ab
1025 1917 1113 1957 aliis
1152 1918 1418 1971 separantur,
1461 1917 1558 1956 alias
1597 1929 1702 1955 con-

110 1975 230 2014 tinuo
266 1976 514 2027 inueniant,
568 1978 639 2018 fibi
682 1980 874 2031 vicinat„
931 1979 1185 2033 quibuscum
1223 1982 1364 2020 denuo
1411 1980 1700 2028 cohaereant;

109 2048 154 2078 vt
192 2049 394 2091 quatenus
432 2041 480 2081 ab
518 2042 597 2081 illis
649 2042 876 2094 secedunt,
931 2053 1103 2084 eatenus
1141 2054 1183 2084 et
1219 2045 1283 2084 his
1321 2043 1440 2085 fimul
1476 2043 1515 2083 se
1551 2044 1704 2084 adiun-

110 2113 230 2155 gant5
269 2105 338 2143 vbi
375 2118 420 2144 ea
459 2107 647 2146 conditio
684 2121 766 2148 uon
806 2108 946 2158 fuerit,
986 2108 1196 2148 difficilius
1235 2108 1432 2148 soluatur.
1502 2107 1614 2147 Hinc
1651 2121 1700 2148 ea

112 2167 347 2219 proprietas
393 2170 596 2210 enascitur
642 2170 880 2213 substantiae
926 2173 1049 2212 huius
1095 2172 1338 2225 glutinantis
1383 2171 1537 2224 pariter
1571 2181 1698 2225 atque

112 2230 375 2283 reliquorum
421 2246 649 2287 corporum
696 2237 1029 2276 semiffiiidorum
1079 2236 1321 2287 tenacium,
1375 2245 1421 2276 vt
1455 2237 1495 2275 in
1532 2235 1599 2276 fila
1638 2236 1697 2274 fa-

112 2293 193 2335 cile
231 2297 479 2339 extendatur
517 2299 688 2351 tenuia,
740 2301 809 2342 fila
847 2311 985 2342 autem
1023 2300 1106 2353 ipsa
1144 2300 1342 2341 difficilus
1379 2301 1544 2341 tandem
1585 2311 1698 2338 rum-

909 2364 992 2405 Kk
1030 2376 1052 2413 3
1534 2371 1697 2418 patitur.
