2007 2702
660 222 1183 281 ——om==

363 311 1452 410 ADDITAMENTVM

457 460 518 510 ad
550 461 924 526 praecedentem
957 461 1363 516 Differtationem.

119 751 235 865 Iam
271 785 459 828 absoluta
493 795 613 838 erat,
668 799 773 841 quae
810 788 943 828 modo
981 788 1085 828 ledia
1132 787 1243 839 fuit,
1302 787 1561 842 dissertatio,
1614 803 1712 832 cum

203 851 313 892 forte
351 852 516 891 fortuna
553 850 698 891 titulus
736 851 840 891 mihi
877 851 1065 891 occurrit
1101 851 1396 892 dissertationis
1434 855 1583 893 summi
1625 854 1716 896 Eu-

121 915 233 966 leti,
288 927 392 966 quae
443 915 553 954 circa
600 915 777 954 eandem
830 915 953 966 plane
1000 915 1217 954 materiam
1272 915 1422 956 versati
1474 917 1713 959 videbatur.

119 978 215 1020 Nec
254 977 441 1017 fallebar.
510 977 641 1016 Extat
676 976 746 1016 illa
781 977 822 1015 in
844 976 960 1016 Ac‘tis
984 978 1243 1017 Academiae
1281 980 1439 1025 nostrae
1476 994 1555 1033 pro
1582 981 1714 1022 Anno

124 1050 256 1093 1778.
289 1040 334 1079 P.
360 1053 425 1091 2.,
463 1040 720 1092 titulumque
758 1052 856 1093 prae
894 1040 930 1080 se
970 1039 1071 1079 fert:
1109 1039 1171 1080 De
1207 1051 1308 1081 motu
1345 1042 1582 1096 oscillatorio
1619 1045 1716 1085 duo-

120 1117 205 1145 rum
240 1111 443 1157 corporum
480 1116 530 1143 ex
555 1103 627 1153 filo
662 1102 785 1155 super
819 1102 1014 1142 trochleas
1050 1103 1226 1143 traduc‘lo
1263 1104 1546 1160 suspensorum.
1613 1108 1709 1148 Du-

119 1168 211 1207 bius
234 1197 247 1219 ,
300 1180 438 1208 anuou
476 1167 695 1219 proprium
733 1167 982 1219 opusculum
1029 1167 1332 1221 supprimerem
1355 1200 1367 1221 ,
1422 1184 1518 1210 cum
1555 1173 1596 1211 in
1634 1185 1711 1212 eo-

121 1232 217 1271 dem
255 1244 351 1271 cum
389 1232 616 1270 tautoviro
643 1230 855 1271 curriculo
892 1232 1154 1283 constitutus,
1192 1246 1275 1273 non
1314 1234 1385 1273 nifi
1422 1235 1550 1287 longe
1587 1236 1711 1276 vesti-

121 1296 186 1349 gia
211 1295 299 1335 eius
337 1293 448 1346 sequi
487 1295 671 1347 polsem,
710 1295 945 1347 et,s1quae-
976 1297 1126 1336 rectius
1165 1297 1383 1349 haberem,
1421 1299 1582 1338 nonnifi
1620 1299 1710 1353 post

121 1372 218 1399 eum
264 1358 468 1411 repetiisse
513 1359 737 1399 neceffario
775 1359 963 1399 videbar.
1034 1359 1177 1399 Postea
1214 1373 1348 1412 vero,
1405 1376 1503 1402 cum
1540 1364 1708 1404 citatam

121 1421 463 1463 Dissertationem
503 1432 656 1462 attente
694 1423 993 1475 perlegissem,
1045 1422 1188 1462 inueni
1226 1437 1360 1464 meam
1384 1453 1397 1475 ,
1436 1428 1627 1478 quamuis
1666 1428 1709 1467 in

120 1486 287 1526 diuersis
326 1499 421 1525 cum
444 1499 490 1524 ea
510 1486 745 1537 conspiret,
782 1494 851 1524 aut
887 1486 992 1525 iufra
1029 1496 1219 1538 maneat,
1257 1500 1366 1528 noua
1402 1499 1542 1529 tamen
1582 1503 1709 1544 quae-

120 1551 215 1589 dam
260 1549 515 1595 continere,
568 1559 744 1601 propter
788 1561 892 1601 quae
928 1549 1186 1590 Academiae
1231 1551 1372 1591 offerri
1417 1553 1552 1606 possit.
1638 1553 1707 1594 De

120 1614 271 1667 quibus
318 1621 360 1650 vt
406 1611 560 1650 Lector
603 1611 686 1664 ipse
732 1613 915 1652 iudicare
962 1615 1116 1666 poffit,
1171 1615 1307 1656 oculis
1344 1617 1433 1658 eius
1479 1618 1705 1672 squeleton

120 1676 228 1729 quali
267 1674 573 1715 Differtationis
612 1674 676 1715 111.
715 1676 860 1717 Euleri
895 1675 1124 1719 subliciam.
1362 1698 1366 1699 ⁷

312 1797 349 1822 1.
416 1783 622 1838 Quamuis
658 1783 728 1823 ille
768 1784 865 1826 duas
907 1787 1119 1827 trochleas
1155 1787 1420 1839 adhibuerit,
1456 1788 1498 1829 id
1536 1787 1702 1830 nullum

117 1847 239 1901 plane
277 1848 496 1888 discrimen
536 1847 665 1898 facit,
703 1860 799 1888 cum
837 1844 1021 1890 calculus
1058 1852 1171 1890 idem
1209 1852 1280 1902 sit,
1326 1865 1402 1893 nec
1439 1866 1493 1893 ex
1528 1854 1604 1893 alia
1640 1867 1704 1894 ra-

119 1913 234 1952 tione
272 1912 376 1951 duae
414 1911 628 1951 trochleae
664 1911 763 1952 loco
799 1914 920 1953 vuius
945 1943 957 1964 ,
994 1923 1039 1955 vt
1073 1928 1154 1967 ego
1195 1915 1309 1966 feci,
1363 1916 1573 1956 adhibitae
1611 1917 1704 1956 fue-

118 1978 234 2025 rint,
290 1989 413 2028 q-uam
449 1984 495 2014 vt
538 1986 677 2015 motus
723 1975 1002 2018 oscillatorius
1049 1991 1282 2032 corporum
1326 1978 1490 2020 facilius
1534 1981 1703 2035 concipi

117 2039 274 2094 potiit,
312 2052 389 2080 nec
426 2052 554 2079 vnum
590 2039 639 2080 ab
676 2039 806 2081 altero
844 2041 1050 2083 turbetur.

317 2161 354 2187 α.
423 2148 490 2187 111.
530 2147 709 2189 Eulcrus
748 2163 928 2204 corpora
964 2164 1038 2205 per
1077 2160 1216 2192 centra
1262 2151 1476 2204 grauitatis
1515 2152 1703 2207 suspensa

122 2213 358 2263 cogitauit,
413 2212 522 2251 vnde
568 2226 650 2251 non
698 2214 767 2252 nifi
814 2225 953 2255 motus
1008 2216 1288 2268 progressurus
1336 2226 1377 2255 ct
1422 2215 1701 2258 oscillatorius

122 2277 220 2316 oriri
259 2284 448 2328 poterat,
486 2288 561 2315 nec
598 2276 668 2330 ipsi
708 2289 847 2318 motus
886 2280 1111 2320 [oratorius
1150 2280 1473 2322 considerandus
1510 2283 1640 2322 venit.

184 2370 302 2412 Noua
322 2356 423 2411 Abla
442 2372 570 2412 Acad.
594 2371 691 2425 Imp.
711 2371 779 2413 Sc.
799 2372 845 2414 T.
868 2373 940 2415 VI.
1279 2376 1318 2417 Y
1344 2406 1355 2410 -
1658 2389 1701 2426 3.
