2007 2702
1031 195 1186 253 (222)
1219 211 1373 228 -.-

303 315 499 365 ferioris,
537 313 609 367 qui
646 311 706 354 ab·
732 309 818 367 ipsa
853 313 1125 354 extremitate
1160 311 1277 353 striae
1315 311 1452 353 oritur
1465 327 1476 361 ;
1512 313 1716 367 posterius
1753 314 1803 357 ad
1840 315 1912 358 ba-

298 381 358 421 fin
395 379 537 420 cordis
559 407 572 430 ‚
630 387 835 432 quan-tum
871 378 1102 418 retrorsum
1137 376 1376 418 insertionis
1417 376 1534 418 sedes
1569 389 1800 433 promota,
1854 382 1907 422 de

296 443 571 497 longitudine
608 442 646 483 ei
685 442 887 491 decedat,·
924 441 1042 483 fibris
1080 441 1282 483 omnibus
1319 441 1470 483 arctius
1506 441 1614 482 intra
1648 444 1726 485 hos
1747 444 1906 486 limites

297 507 558 562 angustiores
596 507 848 562 compactis,
884 506 955 548 vel
992 507 1135 561 potius
1173 507 1331 547 minori
1368 506 1609 560 dispendio,
1633 510 1909 560 quemadmo-

297 573 400 613 dum
438 572 616 614 inferius
653 571 832 627 patebit,
870 572 919 613 ad
958 570 1206 613 breuiorem
1242 572 1351 613 hanc
1387 570 1629 612 insertionis
1668 570 1809 612 sedem
1839 587 1910 627 ap-

297 638 482 692 plicatis.
564 636 634 679 Sic
657 646 879 691 -quantum
915 635 1011 676 finis
1050 637 1167 678 striae
1203 635 1261 689 a)
1297 650 1319 677 a
1357 645 1505 677 centro
1542 634 1744 676 focorum
1780 633 1833 688 b)
1867 638 1909 678 in

298 703 423 744 strato
460 710 643 742 externo
679 701 823 751 distat,
872 701 989 754 quod
1028 711 1218 754 quartam
1248 700 1366 755 quasi
1403 709 1566 755 partem
1604 700 1734 740 totius
1772 699 1912 754 longi-

296 766 458 808 tudinis
486 766 602 806 ›sedis
639 764 882 806 insertionis
919 764 1076 813 efficit;
1112 775 1228 806 tanto
1265 775 1309 805 et
1346 765 1520 805 breuior
1557 764 1658 806 facta
1695 763 1813 804 sedes
1849 764 1913 806 in-

295 830 493 872 sertionis
530 830 573 868 in
610 828 736 869 strato
774 828 986 879 secundo,
1024 837 1066 869 et
1099 828 1331 870 retrorsum
1368 829 1512 870 versus
1550 829 1659 870 bafin
1697 838 1911 881 promota.

295 895 417 936 Tota
461 894 579 934 sedes
626 893 804 946 originis
849 892 1086 943 fibrarum,
1143 902 1296 947 quanta
1341 903 1385 934 et
1420 894 1557 949 qualis
1595 893 1674 934 fuit
1708 893 1749 932 in
1787 893 1912 935 strato

295 969 508 1009 externo,
542 956 613 998 fila
650 957 923 1010 cartilaginea
959 957 1110 999 finistra
1148 958 1440 1011 complectens
1477 958 1632 1008 ambo,
1670 966 1713 998 et
1746 968 1911 1011 partem

294 1024 397 1065 basis
450 1031 593 1064 aortae
636 1030 680 1063 et
722 1031 858 1063 totam
904 1035 1091 1073 crenam,
1128 1023 1309 1063 immota
1345 1031 1388 1062 et
1422 1021 1643 1063 immutata
1679 1021 1801 1063 restat
1834 1022 1908 1075 c).

291 1087 426 1132 Sedes
461 1090 638 1129 tamen.
677 1086 919 1128 insertionis
970 1097 1267 1141 praeterquam
1316 1086 1433 1139 qnod
1482 1085 1623 1126 versus
1674 1086 1781 1127 basin
1819 1095 1909 1127 tota

291 1163 597 1208 promouetur,
633 1152 755 1193 aliam
793 1164 987 1206 quoque,
1024 1151 1201 1191 leuioris
1241 1150 1414 1204 quidem
1452 1149 1679 1201 momenti,
1707 1151 1908 1191 mutatio-

292 1231 391 1259 nem
428 1217 597 1271 patitur.
668 1216 757 1269 Qui
794 1223 1097 1267 procurrentes
1137 1213 1328 1256 fasciculi
1365 1215 1408 1255 in
1433 1215 1555 1256 strato
1578 1224 1758 1256 externo
1781 1214 1906 1255 fibras

292 1294 465 1331 omnes,
502 1279 616 1320 tertii
653 1279 815 1320 ordinis
853 1278 1008 1332 longus
1046 1277 1136 1331 d),
1174 1278 1315 1319 breuis
1354 1279 1490 1333 quarti
1527 1279 1577 1332 e)
1601 1308 1614 1330 ‚
1650 1292 1698 1320 ea
1742 1279 1907 1320 ratione

292 1344 577 1399 colligebant,
619 1352 666 1383 vt
700 1344 744 1382 in
781 1342 954 1382 vni'cum
994 1341 1104 1395 quafi
1141 1344 1343 1396 puneium
1382 1344 1430 1383 ad
1468 1343 1597 1382 finem
1636 1343 1741 1385 sedis
1777 1343 1910 1384 inser-

293 1410 423 1450 tionis
449 1406 514 1463 f)
568 1407 697 1448 ambo
724 1407 935 1447 ‚fasciculi
970 1419 1052 1446 vna
1089 1419 1187 1447 cum
1222 1407 1339 1447 fibris
1377 1405 1457 1447 suis
1495 1406 1684 1447 collecstis
1723 1421 1909 1449 concur-

291 1482 436 1516 terent
471 1472 529 1526 g)
552 1501 566 1524 ‚
602 1471 645 1512 hi
682 1484 760 1512 nec
797 1484 947 1512 omnes
985 1469 1059 1510 fibi
1097 1470 1321 1524 adscriptas
1360 1470 1483 1511 fibras
1522 1472 1665 1512 exacte
1693 1473 1906 1525 colligunt

288 1541 332 1581 in
367 1538 492 1579 strato
529 1536 750 1588 secundo,
803 1549 881 1577 nec
921 1548 1044 1576 vnam
1079 1534 1122 1575 in
1158 1535 1299 1576 sedem
1337 1534 1464 1575 ambo
1502 1546 1795 1588 concurrunt,
1832 1535 1905 1576 sed

289 1604 520 1646 solutiores
559 1601 777 1655 paulisper
810 1610 854 1641 et
891 1613 912 1641 a
947 1599 986 1639 se
1025 1608 1179 1640 mutuo
1215 1599 1556 1640 extremitatibus
1581 1599 1659 1641 suis
1686 1599 1906 1640 discedunt

291 1669 366 1722 ipsi
402 1667 458 1720 h)
495 1676 538 1707 et
574 1666 736 1719 aliquas
773 1664 977 1706 fibrarum
1015 1663 1181 1705 suarum
1218 1664 1369 1706 liberas
1407 1673 1450 1704 et
1485 1663 1638 1717 sparsas
1676 1664 1725 1704 ad
1764 1664 1905 1705 sedern

290 1731 533 1773 insertionis
571 1742 849 1770 communem
888 1741 1115 1770 excurrere
1151 1729 1301 1770 finunt.
1388 1728 1610 1769 Minorem
1650 1728 1827 1782 quidem
1862 1736 1908 1769 et>

288 1807 462 1853 paruam
501 1794 681 1835 omnino
718 1803 880 1848 partem
917 1793 1083 1834 suarum
1107 1793 1246 1835 breuis
1272 1793 1500 1834 fasciculus
1521 1805 1779 1846 procurrens
1801 1806 1900 1847 per-

1802 1866 1902 1897 mit-

360 2004 403 2049 a)
458 2002 545 2036 Tab.
575 2003 629 2036 Vl.
662 2011 715 2036 12.

361 2052 406 2095 b)
460 2053 546 2087 Tab.
576 2050 636 2087 Vl,
668 2058 726 2092 80.

360 2106 398 2149 c)
453 2103 538 2137 Tab.
569 2103 622 2138 lx.
651 2101 671 2135 l.
699 2113 730 2148 p.
784 2101 870 2136 Tab.
899 2102 969 2136 VH.
998 2101 1044 2138 H.
1071 2102 1108 2137 E.
1141 2103 1182 2137 G.
1209 2101 1244 2139 F.

358 2168 402 2212 d)
455 2167 543 2201 Tab.
573 2168 626 2200 lV.
654 2177 700 2208 73.
729 2177 773 2208 74
810 2176 864 2208 75.
892 2177 942 2208 77.
971 2171 1022 2208 78.
1052 2178 1105 2210 79.
1137 2174 1180 2209 81.
1212 2173 1269 2206 82.

361 2231 407 2276 e)
461 2231 547 2264 Tab.
576 2231 634 2265 lv.
664 2235 716 2271 84·
745 2236 796 2272 87-
829 2234 880 2269 88-
910 2235 962 2273 89-
991 2240 1048 2273 90·
1075 2241 1126 2274 92·
1154 2242 1210 2275 94·
1240 2242 1293 2276 97·
1322 2235 1379 2276 98·

354 2279 408 2327 f)
461 2280 545 2312 Tab.
577 2279 631 2314 IV.
659 2281 702 2314 T.

358 2331 408 2378 g)
463 2329 549 2362 Tab.
579 2331 634 2364 lV.
669 2341 747 2367 101.
781 2341 855 2364 102.

359 2380 404 2426 Ιι)
461 2376 545 2414 Tab.
574 2380 625 2416 lX.
656 2392 686 2415 x,
714 2393 742 2415 z.
772 2382 802 2415 6.
831 2389 860 2414 et
890 2391 947 2416 ιι,
979 2380 1037 2418 16.
1068 2391 1117 2423 17.
