2007 2702
683 207 834 231 --·-···-··-·
866 192 1019 249 (243)
1052 208 1203 234 m

149 309 193 351 bi
229 309 463 350 continere‘
490 304 702 358 affirmet,
754 306 798 347 id
841 306 948 348 huic·
984 306 1149 347 summo
1185 306 1278 347 viro
1313 318 1392 359 pro
1427 304 1590 348 ratione
1628 315 1738 348 tem·

147 385 301 426 porum
317 401 337 424 .‚
373 371 491 412 nullo
529 371 662 411 modo
698 371 804 410 vitio
839 370 946 410 verti
980 370 1148 423 potest3
1200 369 1444 423 praesertim
1480 383 1578 411 cum
1619 371 1734 413 steri-

148 437 235 476 lem
266 437 395 476 ,etiam
431 434 522 475 solo
559 434 675 475 ferro
709 434 900 475 adn-sixto
926 446 1034 475 eum
1068 435 1250 478 inueniri
1287 435 1412 476 dicat.

335 542 398 583 At
418 542 704 595 Henckelius‚
739 518 924 584 summus
960 544 1002 601 in
1029 528 1254 585 Germania
1284 544 1607 599 Miner-alogus,
1643 559 1729 605 non

144 606 277 646 modo
322 606 494 646 nomine
539 606 736 647 Schoerli
781 607 873 647 ilus
918 607 1006 656 est,
1060 607 1129 646 sed
1174 601 1299 646 etiam
1345 621 1365 647 a
1386 605 1583 662 Spuma
1605 609 1729 664 lupi,

146 682 327 722 quacum
362 682 460 710 eum
503 669 654 722 posteri
697 671 851 709 iterum
886 669 1244 718 confunderunt,
1297 670 1549 723 distinguere
1585 674 1730 728 coepit

141 732 351 774 affirmans
388 745 486 774 eum
521 732 783 773 tenuioribus
820 732 1085 786 prismatibus
1122 732 1437 783 crystallilatum
1471 736 1668 777 inueniri.

331 838 380 878 In
415 839 551 881 Roffia
586 839 839 882 Schoerlum
862 868 874 890 ‚
928 839 1064 893 quoad
1111 852 1304 891 nomen,
1355 841 1437 881 iam
1479 855 1612 894 1742.
1649 838 1727 884 ιἰο-Δ

140 912 230 944 tum
267 902 381 942 fuisse
417 916 471 943 ex
505 903 615 943 libro
637 933 649 955 ‚
707 916 831 955 quem
876 900 969 943 Cel.
1004 904 1312 944 Lomonoffow
1347 904 1398 944 de
1434 918 1476 945 re
1515 908 1726 949 metallica

137 965 328 1019 scripfit,
371 965 580 1017 intelligo.
648 965 732 1005 Hic
769 965 840 1004 sub
879 966 1051 1005 nomine
1088 964 1225 1005 Schjrl
1260 967 1389 1007 refert
1423 969 1544 1009 illum
1580 971 1629 1010 ad
1667 972 1726 1011 la·

134 1030 256 1083 pides
292 1028 566 1068 metalliferos
590 1057 603 1078 ‚
656 1028 910 1080 nigrumque
947 1037 991 1066 vt
1027 1028 1184 1081 Spuma
1228 1030 1317 1083 lupi
1363 1033 1441 1072 effe
1480 1041 1521 1072 et
1558 1035 1726 1074 tenuio-

135 1093 249 1133 ribus
287 1092 554 1146 prismatibus
592 1091 736 1130 striatis
774 1090 1117 1145 crystallisatum,
1154 1092 1366 1148 stannique
1401 1096 1571 1151 vestigia
1604 1110 1728 1152 plae-

137 1155 310 1196 bentem
345 1155 525 1195 inueniri
561 1154 722 1195 adierit.

326 1279 558 1320 Wallerius
594 1287 731 1320 autem
753 1307 766 1331 7
802 1289 846 1320 vt
881 1279 1129 1334 praecipuos
1169 1289 1330 1321 tantum
1367 1282 1611 1336 nominem,
1650 1285 1720 1325 da-

131 1351 178 1383 to
221 1344 260 1384 ei
303 1344 384 1383 iam
430 1344 478 1384 ab
523 1343 645 1384 initio
690 1344 863 1384 nomine
902 1343 1085 1383 Basaltae
1121 1344 1171 1383 ad
1211 1343 1378 1385 Cornea
1420 1346 1487 1387 sua
1522 1360 1619 1387 eum
1656 1362 1721 1388 re-

132 1408 241 1447 ferre
278 1416 451 1447 conatus
489 1407 568 1456 est„
604 1416 648 1445 et
683 1405 884 1445 exhibitis
921 1406 1137 1453 nonnullis
1172 1407 1295 1459 ipsius
1333 1407 1469 1459 notis,
1507 1423 1592 1463 quo
1631 1412 1720 1451 for-

127 1482 197 1510 ma
232 1470 357 1523 ipfius
395 1469 634 1521 prismatica
669 1466 867 1508 lateribus
904 1468 1152 1509 inordinatis
1176 1499 1188 1520 7
1242 1480 1284 1509 et
1319 1472 1487 1512 modica
1530 1474 1614 1525 igni
1650 1488 1718 1514 re-

126 1532 301 1572 fistentia
338 1540 417 1570 etc.
454 1532 679 1583 pertinent.
765 1531 847 1571 Sed
884 1532 924 1570 in
973 1533 1185 1585 posterum
1228 1534 1420 1575 indicatis
1460 1550 1583 1589 quam
1620 1538 1717 1591 plu-

127 1595 245 1634 rimis
283 1594 423 1644 locis,
474 1593 544 1633 vbi
581 1594 652 1634 ille
689 1595 730 1634 in
768 1595 917 1636 Suecia
961 1597 1170 1648 reperitur
1207 1611 1290 1637 non
1328 1598 1599 1651 spernendam
1637 1614 1714 1641 ex-

127 1658 227 1698 teris
270 1657 494 1697 Vtilitatem
540 1656 708 1708 attulit,
757 1669 800 1698 et
835 1660 942 1699 adeo
978 1660 1018 1698 in
1058 1659 1257 1700 fossilibus
1295 1664 1589 1704 enumerandis
1626 1665 1714 1705 affi-

126 1721 233 1761 duus
257 1720 357 1771 fuit,
392 1729 437 1760 vt
471 1733 618 1760 omnes
657 1721 741 1761 fere
778 1722 972 1762 Schoerli
1008 1723 1164 1775 species
1203 1733 1302 1775 tune
1338 1727 1542 1778 temporis
1567 1737 1710 1779 notae,

124 1783 209 1824 alio
245 1793 407 1823 tantum
442 1784 614 1823 nomine
649 1785 861 1826 inuestitae
883 1816 895 1836 7
933 1788 1042 1840 apud
1078 1800 1175 1827 eum
1211 1789 1499 1829 inueniuntur.
1568 1791 1709 1831 Partes

126 1846 321 1888 Schoerli
358 1844 648 1888 constitutiuae
684 1848 911 1889 secundum
948 1863 1045 1890 eum
1083 1851 1202 1890 sunt:
1255 1861 1362 1892 terra
1398 1853 1596 1906 Gypsea,
1640 1863 1710 1894 aut

125 1911 488 1963 quemadmodum
525 1911 592 1950 hic
628 1912 738 1952 idem
777 1914 987 1964 adseruit,
1024 1924 1133 1954 terra
1169 1915 1268 1955 huic
1303 1915 1479 1969 fistulis,
1522 1920 1709 1958 terran—

124 1974 340 2015 luminaris
361 2002 375 2026 ‚
409 1974 664 2016 intermixtis
698 1977 912 2030 particulis
950 1978 1112 2017 ferreis.

312 2081 350 2121 E
387 2083 594 2134 germanis
624 2081 922 2137 Cartheltfi'rltm
959 2084 1212 2126 Schoerlum
1252 2086 1323 2126 sub
1362 2078 1535 2129 nomine
1570 2076 1708 2132 Sm'ec-

121 2148 209 2186 mes
254 2147 531 2198 complexum
577 2147 724 2199 fuiffe,
778 2150 869 2189 datr
913 2148 963 2189 ab
1009 2149 1084 2189 illo
1130 2150 1323 2191 definitio
1368 2151 1456 2192 eius
1493 2155 1705 2207 ostendit,

121 2209 223 2248 dicit
256 2212 369 2250 enim
406 2210 538 2262 ipsum
577 2212 886 2261 crystallis1tu1n
923 2212 1035 2263 effe,
1072 2214 1271 2263 elystallis
1308 2214 1507 2269 oblongis
1544 2218 1706 2272 irregu÷

118 2271 288 2313 laribus.
353 2274 579 2316 Rationem
615 2287 741 2328 vem,
777 2289 851 2317 cur
887 2276 1083 2318 Schoerli
1119 2290 1277 2319 nomen
1299 2307 1312 2331 9
1363 2287 1462 2321 tunc
1498 2283 1703 2335 temporis

915 2340 956 2381 H
978 2339 1005 2380 h
1044 2352 1065 2376 2
1625 2346 1706 2384 ianr
