2007 2702
846 210 1000 233 -·--
1032 201 1189 260 (226)
1223 218 1376 239 --.

601 318 730 365 Ortus
755 300 954 375 fibrarum
975 322 1103 378 strati
1124 319 1293 378 secundi
1327 320 1367 361 in
1401 317 1638 375 vnz'uersumi

505 416 670 461 Pariter
704 433 812 473 ergo
847 430 976 473 atque
1011 419 1055 461 in
1091 419 1216 462 strato
1251 427 1433 460 externo
1470 417 1572 457 duas
1616 416 1744 460 fibrae
1779 415 1912 460 totius

308 483 682 528 circumferentiae
703 483 933 526 ventriculi
969 484 1112 525 tertias
1148 492 1286 538 partes
1323 495 1403 536 pro
1435 491 1532 522 ortu
1568 479 1752 533 sumunt,
1786 494 1915 523 vnam

307 550 504 601 tertiam,
542 559 612 591 aut
639 562 692 590 ne
719 549 932 602 integram
970 549 1138 589 tertiam
1166 547 1367 602 quidem,
1400 543 1620 586 insertioni
1656 543 1915 597 relinquunt.

308 612 525 657 Oriuntur
560 627 583 656 a
618 624 714 655 toto
751 613 827 654 filo
865 612 1143 666 cartilagineo
1178 610 1403 667 posteriori
1439 607 1598 649 finistro
1633 607 1719 661 a),
1771 607 1821 648 ab
1854 609 1920 651 in·

305 678 485 720 terstitio
522 678 634 719 inter
670 677 768 718 bina
803 676 875 720 fila
909 677 1063 718 sn=istra
1097 675 1154 729 b)
1175 705 1190 727 .‚
1244 689 1267 716 a
1301 674 1378 716 filo
1413 673 1574 715 sinistro
1609 671 1810 713 anteriori
1845 673 1918 727 c).

306 743 395 788 Sed
430 755 590 798 paucae
629 742 805 795 quidem
842 740 974 782 fibrae
1009 740 1127 791 sunt,
1166 752 1273 794 quae
1300 739 1352 781 ab
1382 739 1468 781 hoc
1496 736 1700 780 anteriori
1736 736 1814 778 filo
1835 736 1921 778 o‘ri·

305 817 450 850 untur.
518 806 582 846 Ita
624 806 738 845 enim
786 804 1057 845 transuerfim
1100 804 1144 844 in
1189 803 1269 844 hac
1314 804 1410 844 tede
1454 801 1724 857 procedunt,
1767 811 1815 842 vt
1847 801 1923 847 vix

304 884 394 914 non
439 869 665 924 parallelae
710 867 787 909 filo
832 868 1037 910 intactum
1074 867 1161 909 hoc
1197 867 1454 922 relinquant.
1526 866 1696 907 Deinde
1731 878 1864 921 porro
1900 879 1924 910 a

303 944 425 991 parte
470 932 625 974 finistra
669 932 772 974 basis
817 942 995 984 nortae,
1050 945 1178 986 quam
1214 932 1324 972 inter
1360 931 1598 973 exteriores
1632 930 1757 971 fibras
1795 930 1920 973 funes

302 1001 395 1041 duo
440 998 583 1052 magni
627 997 683 1050 d)
720 1005 1072 1050 occupauerant,
1124 995 1324 1050 copiosae
1370 995 1584 1049 originem
1629 995 1793 1035 ducunt
1836 995 1918 1050 e).

304 1061 522 1106 oriuntur
567 1074 701 1116 porro
746 1061 859 1103 haud
905 1062 1084 1102 rariores
1121 1059 1172 1101 ab
1208 1072 1258 1100 ea
1301 1059 1477 1112 regione
1522 1058 1654 1113 partis
1701 1045 1920 1113 bafilaris',

306 1140 434 1183 quam
479 1135 598 1168 retro
642 1139 803 1168 conum
849 1125 1102 1168 arteriosum
1150 1124 1352 1164 columna
1396 1123 1662 1176 triangularis
1707 1123 1751 1163 in
1796 1123 1920 1170 strato

302 1203 486 1233 externo
539 1199 838 1244 occupauerat·
862 1188 935 1244 f).
1020 1187 1225 1228 Posthaec
1262 1201 1285 1228 a
1320 1196 1410 1228 tota
1453 1200 1579 1228 crena
1615 1187 1846 1240 oriuntur,
1896 1199 1921 1229 a

301 1267 422 1309 parte
458 1255 549 1294 eius
586 1254 728 1294 media
762 1254 856 1306 g),
909 1264 1035 1305 quam
1079 1250 1224 1305 pontis
1263 1252 1489 1304 regionem
1527 1251 1716 1293 diximus
1740 1281 1756 1304 ‚
1809 1264 1917 1305 quae

305 1319 393 1373 ipsa
428 1317 634 1372 posterius
671 1329 842 1358 crenam
879 1316 922 1356 in
960 1316 1046 1357 hoc
1084 1316 1234 1367 corde,
1269 1316 1337 1355 cui
1375 1328 1509 1356 conus
1544 1316 1770 1358 arteriosus
1805 1314 1924 1357 solu·

305 1391 373 1424 tus
412 1383 501 1434 est,
540 1382 743 1421 terminat
776 1378 850 1433 h),
903 1388 946 1420 et
980 1392 1002 1420 a
1038 1388 1157 1432 parte
1194 1389 1284 1420 tota
1317 1380 1475 1421 radiata
1510 1380 1562 1419 ad
1598 1380 1729 1422 finem
1766 1369 1919 1422 creuae

300 1458 439 1500 Vsque
484 1446 553 1498 i).
640 1443 844 1497 Denique
880 1443 931 1484 ab
969 1443 1101 1497 ipfis,
1139 1443 1212 1496 qui
1250 1443 1419 1484 stratum
1453 1452 1679 1484 externum
1716 1445 1919 1486 termina·

303 1509 440 1563 bant,
494 1508 702 1551 fasciculis
750 1507 1082 1559 terminalibus,
1137 1507 1179 1547 in
1232 1506 1369 1561 specie
1416 1506 1590 1560 quidem
1627 1508 1678 1549 ab
1714 1507 1918 1549 anteriori

301 1573 356 1627 k)
392 1585 436 1616 et
472 1574 618 1614 medio
662 1572 734 1627 l),
785 1573 961 1614 vltimae
1008 1571 1115 1613 strati
1163 1570 1335 1612 secundi
1378 1570 1508 1612 fibrae
1544 1569 1757 1626 originem
1802 1572 1918 1614 suam

302 1638 501 1695 fingulari
538 1639 708 1693 modo,
756 1650 885 1694 quem
919 1635 1098 1680 inferius
1134 1635 1400 1692 explicabo,
1445 1636 1643 1687 ducunt5
1695 1644 1743 1677 vt
1776 1634 1919 1691 aliqua

1856 1700 1918 1743 sui

375 1841 414 1887 a)
443 1840 527 1875 Tab.
558 1842 614 1876 IX.
640 1841 661 1876 l.
690 1854 736 1875 m.
761 1854 794 1876 n.

373 1892 410 1937 b)
440 1891 528 1926 Tab.
556 1892 612 1925 [X.
639 1904 672 1925 n.
708 1903 741 1937 p.

373 1941 415 1987 c)
446 1941 532 1976 Tab.
560 1942 637 1977 Vll.
665 1941 710 1975 H.
737 1940 778 1975 G.

373 1990 417 2037 d)
446 1991 531 2024 Tab.
559 1992 598 2024 V.
624 2002 679 2033 43.
706 1996 762 2033 48.

376 2049 417 2096 c)
446 2050 532 2085 Tab.
559 2051 635 2085 VII.
662 2049 704 2085 G.
731 2049 774 2085 Β.
803 2050 855 2086 26.
886 2056 943 2095 27:

363 2110 418 2158 s)
446 2110 482 2144 T
484 2109 534 2144 ab.
560 2110 601 2144 V.
631 2118 688 2148 52.
741 2108 833 2145 Tab.
862 2111 947 2151 Vn,
970 2109 1004 2146 B.
1031 2108 1073 2147 Ε.
1101 2112 1156 2148 26.
1185 2123 1240 2155 30.

374 2170 419 2214 g)
450 2167 537 2203 Tab.
562 2167 640 2199 VII.
668 2167 707 2205 E,
736 2174 788 2210 38,

377 2228 421 2274 11)
449 2227 534 2262 Tab.
562 2227 642 2262 VII.
670 2228 709 2263 E.

375 2289 420 2334 ε)
446 2286 520 2319 'sab
558 2286 641 2321 VH.
671 2298 725 2330 4¹-
753 2300 804 2332 42.
832 2300 889 2335 44.
918 2300 974 2335 47.

376 2338 413 2382 k)
443 2334 529 2368 Tab.
561 2336 626 2368 VII
667 2349 718 2380 47.
748 2351 795 2383 45,
826 2346 884 2382 48.

376 2387 418 2435 1)
444 2383 532 2424 Tab.
559 2383 642 2423 VH.
668 2397 720 2432 50.
748 2396 804 2432 48,
833 2391 864 2425 Ι.
