2007 2702
863 204 1016 259 (237)
1048 219 1201 245 z

136 324 282 375 endo,
315 322 509 375 hancque
546 319 887 360 commotionem
924 330 976 358 eo
1014 316 1171 369 saepius
1209 324 1403 371 repetere
1427 345 1440 369 ,
1490 330 1575 372 quo
1610 321 1729 360 viun-

109 390 275 430 ⁷ciores
313 399 360 428 ac
396 385 651 427 valentiores
695 384 832 425 adhuc
877 383 1005 422 effent
1041 381 1219 434 paruuli.
1309 381 1404 422 Nec
1441 381 1585 424 viuere
1624 384 1732 425 defi-

93 477 96 480 >
136 436 325 503 iiefflant,
376 449 533 491 etiamst
578 457 709 489 mater
743 461 765 488 e
803 447 965 487 concha
1001 448 1068 486 sua
1102 446 1184 486 iam
1222 446 1384 486 dudum
1428 458 1629 501 exempta
1665 450 1731 488 su-

138 516 232 556 erit.
302 515 362 555 Ita
398 527 470 554 eos
509 514 548 554 d.
589 526 645 563 14
680 512 795 553 Nov.
832 511 974 551 viuida
1010 508 1090 550 sese
1128 522 1306 550 mouere
1341 509 1462 562 vidi,
1505 512 1605 552 licet
1640 526 1732 553 ma·

137 589 200 620 ter
243 578 325 618 iam
369 578 504 632 pridie
551 576 771 618 dilacerata
816 577 913 616 hinc
958 574 1055 614 inde
1091 586 1138 614 ac
1180 582 1347 614 mortua
1391 576 1587 628 propriae
1634 576 1727 618 suae

138 655 269 696 aquae
291 671 304 693 ,
339 643 421 682 ae'ri
458 641 647 681 liberiori
683 641 725 680 in
762 639 983 679 murrhino
1018 636 1111 677 vase
1146 637 1353 691 expolita,
1387 638 1582 680 immersa
1617 641 1730 682 iace-

139 715 217 746 ret.
304 705 566 746 Succedente
611 713 804 757 tempore
850 713 990 743 tamen
1035 701 1168 754 magis
1216 702 1436 755 magisque
1489 702 1734 756 languesce-

140 770 238 810 bant
282 769 424 809 senfim
447 799 459 820 ,
495 778 676 809 attamen
717 780 771 804 20
810 766 927 807 Nou.
965 777 1063 805 cum
1107 778 1214 817 aqua
1257 766 1341 806 iam
1379 764 1592 807 foetorem
1630 781 1735 809 con-

140 832 346 884 traxisset,
383 831 611 873 nonnullos
650 841 734 871 tam
771 842 826 870 ex
861 829 1090 869 dilacerato
1130 841 1254 881 quam
1290 829 1455 882 integre
1491 831 1637 872 relicto
1674 833 1734 873 al-

140 906 231 937 tero
275 898 424 936 ouario
462 897 767 948 depromptos,
819 893 1006 945 aliquem
1051 892 1188 932 adhuc
1232 901 1399 933 motum
1445 894 1571 935 edere
1608 909 1730 937 com-

137 960 241 1015 peri.
309 959 356 998 In
392 959 593 1012 portione
631 969 734 996 vero
772 956 905 995 ouarii
929 984 942 1006 ,
978 968 1053 1008 per
1092 968 1150 1005 24
1185 956 1312 997 horas
1348 957 1390 997 in
1426 970 1532 1010 aqua
1571 962 1731 1002 recenti

138 1024 338 1073 detenta,
374 1021 610 1062 viuentium
647 1019 827 1072 amplius
865 1019 972 1058 nulli
1008 1019 1203 1059 omnino.
1273 1020 1307 1060 Ii
1330 1050 1342 1071 ,
1398 1022 1550 1073 quibus
1589 1023 1729 1065 valnas

137 1086 326 1140 ipsorum
369 1084 695 1126 horizontaliter
739 1083 937 1135 expansas
985 1082 1138 1123 habere
1184 1083 1399 1137 contigit,
1455 1086 1566 1127 haud
1604 1087 1728 1129 facile

135 1163 188 1190 eo
209 1162 343 1202 vsque
377 1150 416 1189 se
454 1149 701 1189 contrahere
738 1146 902 1197 valent,
937 1155 983 1187 vt
1019 1147 1228 1188 concham
1264 1148 1376 1190 suam
1413 1150 1580 1203 penitus
1613 1151 1730 1192 clau-

136 1214 236 1253 dere
273 1213 455 1266 possint,
508 1212 607 1252 licet
650 1212 692 1251 id
736 1209 870 1263 ipsum
914 1211 1005 1250 ac‘tu
1051 1212 1220 1251 eueniat
1256 1212 1296 1251 in
1335 1212 1419 1264 iis,
1478 1215 1547 1267 qui
1586 1216 1727 1256 minus

135 1277 274 1317 adhuc
322 1286 510 1330 patentes
555 1276 735 1315 habeant
778 1274 934 1314 valuas.
1021 1271 1187 1315 Omnes
1233 1286 1375 1315 autem
1419 1276 1494 1317 hae
1532 1279 1727 1319 viuentes

136 1341 373 1381 conchulae
418 1340 686 1388 multorum,
738 1338 861 1378 valde
908 1338 1133 1387 tenuium,
1188 1339 1504 1390 pellucidorum
1553 1356 1599 1383 ac
1655 1343 1726 1383 fibi

133 1404 317 1444 inuicem
354 1405 670 1457 implicatorum
707 1401 879 1440 filorum
915 1413 998 1453 ope
1035 1401 1144 1440 iuter
1180 1402 1218 1441 se
1256 1403 1519 1454 cohaerent,
1574 1407 1727 1458 quibus

134 1468 308 1521 granula
350 1468 420 1508 vel
473 1466 638 1519 globuli
684 1463 895 1502 innumeri
940 1465 1077 1504 variae
1127 1466 1427 1518 magnitudinis
1473 1480 1518 1507 ac
1564 1468 1727 1511 formae

134 1533 288 1571 annexi
324 1531 429 1570 sunt.
498 1529 555 1568 Hi
591 1528 747 1580 absque
785 1527 918 1567 dubio
953 1528 1005 1569 ad
1042 1529 1260 1581 placentae
1298 1528 1560 1571 substantiam
1598 1535 1728 1586 perti·

135 1603 268 1645 nent,
319 1593 391 1634 illa
435 1605 538 1633 vero
582 1591 872 1632 funiculorum
917 1592 1224 1633 vmbilicalium
1271 1592 1416 1634 officio
1459 1595 1594 1637 forfim
1633 1599 1728 1638 fuu-

137 1666 308 1711 gunt-ur.

325 1784 373 1825 In
410 1785 599 1832 ouariis,
649 1798 671 1826 a
707 1786 943 1826 maturitate
989 1786 1055 1827 sua
1104 1786 1240 1826 adhuc
1287 1786 1469 1828 multum
1511 1789 1721 1840 remotis,

133 1847 367 1890 conchulae
403 1849 474 1889 sub
513 1848 794 1903 microscopio
831 1851 966 1890 adhuc
990 1863 1140 1891 omnes
1179 1850 1337 1892 clausae
1373 1861 1598 1906 apparent3
1637 1852 1720 1892 hoc

133 1922 273 1954 autem
319 1925 405 1952 non
450 1912 667 1964 obstante,
721 1913 958 1954 animalculi
1004 1914 1148 1954 inclusi
1186 1927 1231 1953 ac
1268 1928 1342 1967 per
1378 1924 1550 1956 tenuem
1589 1925 1722 1956 trans·

132 1976 316 2030 parentis
362 1976 530 2017 testulae
575 1976 835 2018 substantiam
870 1978 1121 2031 pellucentis
1147 2006 1161 2027 ,
1216 1987 1382 2017 motum
1419 1980 1591 2020 vitalem
1627 1979 1723 2020 sub·

133 2039 232 2080 inde
268 2040 412 2080 videre
457 2040 538 2080 iam
584 2042 688 2082 mihi
733 2043 865 2082 licuit.
953 2041 1066 2095 Quid
1110 2042 1239 2093 igitur
1274 2041 1314 2081 in
1354 2044 1471 2083 causa
1506 2043 1594 2093 est,
1647 2056 1720 2084 cur

133 2104 366 2145 conchulae
403 2104 614 2155 iuniores,
649 2119 734 2160 quo
771 2105 1057 2160 proximiores
1094 2105 1303 2158 plenariae
1332 2108 1583 2158 maturitati,
1620 2120 1721 2148 ova·

133 2168 203 2208 riis
241 2169 320 2208 suis
356 2168 494 2209 adhuc
531 2169 744 2221 inclusae,
794 2171 876 2211 iam
911 2170 992 2210 iam
1030 2182 1084 2209 eo
1119 2182 1253 2222 vsque
1291 2169 1368 2210 sese
1405 2172 1591 2224 aperiant
1616 2201 1628 2223 ,
1675 2182 1720 2211 vt

132 2230 326 2284 saepius,
380 2233 495 2286 quod
532 2235 650 2286 supra
686 2235 866 2285 monui,
920 2234 962 2273 in
1008 2234 1180 2287 planum
1218 2231 1255 2272 se
1292 2236 1565 2287 expandant,
1619 2249 1713 2276 cum

133 2303 273 2337 tamen
306 2296 397 2351 post
430 2306 629 2352 partum,
667 2307 709 2339 vt
744 2299 925 2354 singulae
962 2310 1007 2338 ac
1045 2297 1252 2339 solitariae
1288 2301 1476 2341 conchae
1499 2329 1512 2352 ,
1556 2301 1635 2340 iam
1675 2300 1718 2340 in

893 2361 929 2403 G
951 2375 977 2415 g
1015 2374 1038 2410 3
1602 2363 1721 2404 iuue-
