2007 2702
291 201 351 243 68
823 186 1364 236 HISTOIRE.

488 310 525 365 ᾗ.
565 323 638 362 37.
707 307 755 348 In
804 309 1085 362 deputatione
1131 309 1306 350 cremati
1353 317 1429 362 per
1472 308 1705 352 carbonum
1741 313 1894 367 pulue-

287 389 380 419 rem
416 376 500 417 fine
538 373 826 416 destillationis
873 373 1137 414 adminiculo
1182 372 1443 427 perficienda
1476 384 1519 414 et
1564 376 1605 416 id
1644 387 1792 419 notatu
1829 381 1892 420 di-

288 455 422 496 gnum
460 440 540 491 est,
585 448 822 480 crematum
858 438 1128 478 subtiliffimis
1166 440 1402 489 carbonum
1439 440 1652 491 particulis
1675 455 1729 483 eo
1765 444 1891 486 citius

287 506 457 547 liberari
495 514 538 545 et
572 503 741 559 prorsus
782 502 942 544 clarum
979 503 1191 554 euadere„
1231 517 1318 557 quo
1357 503 1492 542 maior
1520 503 1664 546 'fuerit
1700 508 1891 560 pulueris

288 572 524 612 carbonum
562 569 687 622 copia
723 568 995 622 depurationi
1031 569 1245 622 impensa,
1298 578 1340 610 et
1376 577 1547 619 contra,·
1600 569 1644 610 id
1680 573 1795 626 quod
1832 573 1895 614 se-

289 634 517 690 quentibus
555 631 925 677 obseruationibus
963 632 1119 674 didici:

731 741 1009 794 Duodecim
1044 741 1245 792 cremati
1278 741 1443 791 vnciis.

350 839 381 881 fi
417 838 606 894 pulueris
645 838 881 878 carbonum
919 836 1046 877 addas
1124 830 1127 838 '
1169 831 1421 876 Crematum
1457 834 1600 876 euadit
1634 834 1864 891 limpidum

350 935 616 980 Drachmam
654 933 875 975 dimidiam
958 953 979 962 -
1087 952 1105 959 —
1353 943 1572 983 nunquam

346 997 560 1041 Drachm.
667 1011 685 1036 1
790 1019 809 1028 -
938 1017 958 1026 -
1088 1016 1107 1023 -
1196 992 1289 1048 post
1357 1009 1388 1046 4
1422 995 1586 1036 menses
1658 1043 1677 1047 „

353 1085 376 1096 -
507 1086 526 1094 -
657 1077 689 1113 4
787 1081 806 1091 —
937 1082 958 1089 -
1087 1080 1105 1088 -
1197 1077 1218 1088 ·-
1269 1080 1289 1088 -
1361 1071 1379 1095 1
1421 1058 1612 1099 mensem

348 1126 535 1170 Unciam
658 1140 675 1165 1
782 1148 804 1156 -
933 1145 954 1154 ·
1085 1144 1105 1151 -
1198 1144 1217 1152 -
1267 1144 1289 1151 -
1329 1135 1388 1173 14
1423 1122 1513 1163 dies

364 1213 386 1224 -
484 1215 505 1224 ..
655 1204 679 1229 2
784 1213 805 1220 -
936 1210 956 1218 -
1087 1208 1106 1216 —
1198 1208 1218 1214 -
1270 1208 1289 1216 -
1357 1188 1385 1224 6
1435 1209 1456 1217 -
1488 1209 1510 1218 -

369 1277 389 1288 ο
489 1279 508 1288 -
662 1268 685 1306 3
788 1275 808 1286 -
938 1274 958 1282 ι-
1088 1272 1106 1280 -
1199 1272 1220 1281 -
1269 1272 1290 1280 -
1359 1261 1379 1299 ⁵
1435 1274 1456 1281 -
1489 1273 1510 1282 -

371 1343 390 1352 -
489 1344 510 1353 -
659 1335 691 1371 4
784 1340 805 1349 -
939 1338 958 1348 -
1089 1337 1107 1344 —
1198 1336 1218 1344 -
1268 1337 1287 1345 -
1327 1326 1386 1366 24
1421 1314 1557 1357 horas'

372 1408 393 1416 -
491 1408 512 1419 ,
665 1395 686 1433 5
789 1402 812 1412 -.
940 1401 960 1412 -
1089 1400 1109 1408 —
1201 1400 1220 1409 -
1269 1401 1291 1409 -
1362 1391 1385 1417 2
1421 1402 1441 1410 -
1473 1400 1490 1409 -
1523 1401 1542 1411 -

483 1499 571 1541 Etsi
606 1498 736 1554 igitur
772 1497 914 1549 aneia,
953 1501 1157 1550 quantum
1193 1492 1286 1534 fieri
1325 1493 1484 1547 potest,
1521 1492 1710 1548 pulueris
1747 1495 1901 1536 carbo-

285 1579 389 1608 num
430 1567 662 1620 quantitate
699 1563 962 1604 acceleratur
998 1560 1172 1601 cremati
1210 1559 1458 1612 depurati03
1498 1560 1717 1601 fatendum
1754 1569 1898 1600 tamen

287 1640 330 1671 ct
365 1631 408 1670 id
445 1630 525 1681 est,
581 1643 635 1670 eo
672 1629 880 1669 maiorem
927 1625 1103 1666 cremati
1141 1624 1308 1676 copiam
1354 1624 1464 1663 inter
1500 1624 1734 1664 carbonum
1771 1624 1903 1676 parti-

289 1694 404 1735 culas
460 1694 723 1747 superstitem
775 1691 976 1742 retineri,
1030 1702 1115 1729 non
1164 1688 1236 1728 nisi
1284 1687 1563 1729 destillatione
1618 1687 1896 1728 liberandam.

290 1759 454 1801 Contra
494 1772 596 1798 vero
633 1770 742 1797 vnus
779 1757 983 1808 idemque
1022 1754 1257 1793 carbonum
1310 1752 1451 1805 puluis
1499 1762 1688 1791 cremato
1742 1751 1898 1804 prioris

288 1824 509 1865 infuslonis
564 1823 646 1863 iam
699 1821 923 1868 imbutus,
986 1817 1153 1857 vicibus
1208 1827 1262 1854 eo
1316 1816 1448 1867 magis
1502 1815 1659 1854 iteratis
1723 1815 1900 1856 cremati

291 1888 561 1942 depurationi
614 1884 805 1926 adhiberi
863 1882 1022 1937 potest,
1076 1880 1214 1919 donec
1260 1879 1475 1931 particulis
1522 1879 1896 1932 empyreumaticis

288 1953 459 2008 prorsus
504 1953 707 1993 saturatus
746 1950 834 1990 vim
872 1944 1334 2002 dephlogisticatricem
1378 1943 1462 1984 iam
1499 1943 1661 1985 nullam
1702 1943 1894 1986 exserere

291 2028 431 2072 queam

1002 2108 1181 2149 Acetum.

479 2191 515 2244 ς.
556 2201 627 2238 538·
696 2189 745 2229 In
782 2186 963 2228 manuali
1002 2185 1301 2227 clicmicorum
1357 2179 1627 2237 (Qastbcnbucs)
1661 2177 1720 2234 ffu·
1762 2181 1898 2235 arporf).

290 2261 363 2299 ¹1:1¹0
407 2254 626 2305 Ξῑῐρωίῠεῗ.)
681 2255 731 2294 dc
769 2267 879 2294 anno
923 2261 1056 2303 1739.
1096 2264 1190 2303 pag.
1235 2262 1337 2302 173.
1384 2247 1623 2289 obseruatio
1670 2247 1896 2299 occurrit,

291 2335 346 2362 ex
384 2334 464 2376 qua
519 2329 687 2361 acetum
740 2331 817 2371 per
861 2316 1180 2359 abstraetionem
1225 2314 1348 2370 super
1393 2312 1628 2355 carbonum
1669 2310 1896 2366 puluerem

1727 2375 1899 2430 infigni-
