2007 2702
695 228 1152 285 ········(9)·-·-·

127 355 230 398 quae
266 355 287 385 a
321 342 600 397 praecedente
645 342 766 384 aliter
808 355 893 384 non
938 343 1180 398 discrepat,
1233 343 1305 386 nifi
1353 344 1468 398 quod
1511 357 1717 388 numerus

119 418 144 448 n
173 417 328 448 vnitate
365 408 412 449 fit
444 410 585 450 anetus
606 436 620 462 ,
654 421 704 450 ea
737 407 865 462 igitur
898 421 1048 450 verum
1083 409 1275 451 valorem
1309 408 1494 452 summae
1529 408 1714 453 {xre-m

122 471 344 529 exprimit.

316 613 353 667 §.
395 625 466 654 11.
536 612 666 668 Quod
711 621 852 656 autem
897 626 1008 656 nunc
1052 614 1103 654 ad
1148 614 1365 668 duplicem
1400 615 1714 657 correc'tionem‘

114 676 236 732 supra
271 687 550 718 memoratam
587 679 760 729 attinet,
796 679 939 731 primo
977 677 1152 732 quidem
1187 688 1302 732 patet
1338 680 1380 718 in
1416 679 1500 732 ipsa
1536 693 1711 737 expresf

114 737 359 783 fionezxn
378 752 585 795 perpetuo
621 741 851 782 terminum
881 742 1161 795 constantem,
1198 743 1269 796 qui
1305 742 1363 782 ibi
1401 742 1712 796 ingrederetur,

113 807 285 861 penitus
322 805 401 845 effe
436 806 749 856 omittendum,
785 806 827 845 id
866 808 980 858 quod
1017 805 1183 860 semper
1218 805 1287 846 vsu
1325 808 1459 857 venit,
1483 808 1651 860 quoties
1688 817 1714 848 n

114 869 172 911 est
217 881 414 909 numerus
459 869 626 922 impar,
679 877 904 922 propterea
951 869 1068 923 quod
1113 882 1189 923 per
1231 869 1361 922 ipsam
1404 870 1466 911 rei
1521 880 1712 911 naturam

112 932 273 974 summa
318 931 481 984 semper
524 931 772 971 euanescere
817 932 946 971 debet
987 932 1125 986 posito
1172 946 1345 973 x10.
1432 933 1496 974 Ita
1538 933 1566 973 s1
1610 935 1713 976 effer:

1202 997 1212 1014 1

111 1007 138 1038 n
155 1008 218 1036 T:
240 1008 283 1047 3,
327 994 467 1037 omitti
504 994 631 1035 debet
666 994 872 1035 terminus
907 1016 971 1023 ——-
989 995 1149 1062 3²3¹—
1171 1024 1181 1034 .
1200 1022 1214 1043 g
1235 1024 1245 1035 .
1265 998 1327 1036 κο.
1413 995 1600 1051 Quando
1636 1011 1713 1038 au-

111 1078 198 1111 tem
234 1069 435 1111 sumimus
471 1067 700 1123 integrale,
738 1068 863 1109 huius
900 1070 1069 1110 termini
1104 1064 1225 1110 ratio'
1247 1071 1395 1123 vtique
1431 1071 1512 1110 erit
1547 1071 1710 1112 haben-

110 1134 197 1186 da,
238 1134 437 1188 quoniam
473 1133 571 1173 inde
614 1134 749 1173 oritur
788 1155 850 1177 —,—
892 1131 917 1154 ³·
935 1136 959 1152 ²
980 1135 1004 1153 ¹·
1123 1146 1399 1184 ..q-xz*
1414 1135 1531 1185 3¹5x,
1578 1148 1708 1188 quem

869 1177 883 1194 2
888 1188 1002 1195 .....

109 1221 216 1260 ergo
252 1210 481 1250 terminum
516 1207 557 1247 in
595 1206 754 1248 summi
789 1206 989 1262 sequente
1026 1204 1114 1249 Ex
1209 1238 1222 1260 ,
1257 1211 1404 1263 vtique
1441 1209 1536 1250 addi
1574 1224 1706 1265 opor-

108 1281 205 1325 tet,
255 1271 413 1314 etiamfi
456 1285 541 1312 non
585 1284 660 1325 per
702 1271 1030 1325 integrationem
1077 1271 1124 1312 fit
1159 1282 1317 1313 erutus.
1404 1272 1516 1315 Cum
1562 1285 1707 1316 autem

108 1337 270 1377 constet
304 1335 440 1391 posito
475 1349 586 1376 x:
612 1349 629 1374 1
671 1335 875 1377 summam
912 1336 1076 1389 semper
1111 1338 1251 1389 primo
1289 1338 1496 1388 termino,
1541 1340 1612 1393 qui
1649 1339 1706 1381 est

113 1411 155 1450 1,
193 1402 361 1453 aequari
398 1400 577 1451 debere,
613 1413 667 1440 ex
703 1400 780 1440 hac
819 1401 1067 1440 conditione
1103 1401 1173 1440 iste
1212 1402 1417 1443 terminus
1455 1400 1522 1444 &x
1558 1404 1707 1445 tutiffi-

107 1475 175 1507 me
212 1464 451 1517 definietur,
487 1463 569 1504 fine
606 1463 786 1504 subfidio
823 1466 985 1505 formae
1021 1464 1247 1519 generalis.

1117 1209 1177 1227 n—
1187 1209 1198 1227 Ι

297 1604 333 1657 ἓ.
374 1618 444 1646 12.
510 1604 623 1645 Hinc
659 1604 788 1657 igitur
823 1607 928 1647 ratio
964 1606 1021 1647 est
1056 1605 1294 1657 manifesta,
1330 1619 1406 1646 cur
1446 1605 1698 1647 huiusmodi

104 1667 410 1720 integrationes
457 1669 672 1719 duplicem
716 1669 1063 1710 testificationem
1109 1668 1355 1722 postulent,
1408 1682 1583 1721 quarum
1621 1669 1699 1710 sci-

103 1729 206 1771 licet
248 1731 375 1770 altera
417 1730 687 1771 efficiendum
732 1731 788 1771 est
831 1742 876 1772 vt
918 1732 1080 1773 summa
1123 1734 1295 1773 inuenta
1339 1733 1560 1774 euanel'cat
1601 1733 1696 1774 casu

103 1806 300 1841 x:0;
353 1803 443 1833 tum
486 1807 590 1833 vero
636 1794 762 1834 etiam
808 1805 853 1835 vt
896 1796 987 1836 cal'u
1031 1808 1175 1836 x:1
1218 1795 1301 1849 ipsa
1344 1797 1491 1837 vnitati
1542 1803 1698 1851 aequa-

104 1858 157 1899 lis
194 1857 384 1910 prodeat.
472 1857 618 1911 Atque
656 1858 754 1898 hinc
789 1857 909 1899 simul
945 1859 1198 1912 intelligitur
1231 1860 1370 1911 ratio,
1423 1874 1497 1901 cur
1532 1861 1572 1901 iu
1613 1860 1696 1902 dif-

106 1921 435 1970 ferenti-atione,
491 1922 657 1975 quoties
693 1922 743 1962 ad
781 1923 985 1962 terminos
1024 1923 1255 1964 constantes
1302 1925 1570 1977 peruenitur,
1616 1935 1692 1965 eos

101 1983 381 2040 praetermitti
433 1995 643 2037 oporteat.
729 1983 929 2027 Ceterum
985 1986 1089 2027 tales
1133 1988 1406 2040 operationes
1452 2001 1528 2041 per
1573 1987 1694 2027 diffe-

100 2049 400 2090 rentiationem
438 2057 480 2087 et
515 2049 840 2101 integrationem
877 2051 1158 2105 procedentes
1191 2064 1276 2091 non
1314 2051 1449 2090 solum
1487 2053 1527 2090 in
1567 2051 1693 2091 serie-⁶

102 2113 180 2154 bus
225 2111 476 2166 potestatum
519 2110 662 2151 locum
708 2114 895 2166 habent,
948 2115 1013 2154 sed
1059 2115 1185 2154 etiam
1231 2115 1280 2154 ad
1328 2115 1466 2154 omnis
1521 2115 1689 2168 generis

101 2177 408 2231 progreffiones
445 2175 616 2215 extendi
652 2177 843 2232 possunt,
879 2179 1242 2233 quemadmodum
1277 2179 1319 2218 iu
1355 2178 1546 2232 sequenti
1582 2178 1691 2220 Pro-

104 2242 287 2283 blemate
323 2239 579 2282 ostendetur.

164 2377 285 2424 Noua
305 2379 406 2421 Αέῖα
426 2379 555 2422 Acad.
577 2378 677 2433 Imp.
699 2377 768 2421 Sc.
789 2379 831 2421 T.
855 2379 889 2421 V
891 2380 927 2422 1.
1248 2379 1286 2422 Β
1574 2380 1683 2449 Pro·
