<?xml version="1.0" encoding="UTF-8"?>
<!DOCTYPE html PUBLIC "-//W3C//DTD XHTML 1.0 Transitional//EN"
    "http://www.w3.org/TR/xhtml1/DTD/xhtml1-transitional.dtd">
<html xmlns="http://www.w3.org/1999/xhtml" xml:lang="en" lang="en">
 <head>
  <title>
</title>
<meta http-equiv="Content-Type" content="text/html;charset=utf-8" />
  <meta name='ocr-system' content='tesseract 3.04.00' />
  <meta name='ocr-capabilities' content='ocr_page ocr_carea ocr_par ocr_line ocrx_word'/>
</head>
<body>
  <div class='ocr_page' id='page_1' title='image "./novaactaacademia06impe_0367.png"; bbox 0 0 2007 2702; ppageno 0'>
   <div class='ocr_carea' id='block_1_1' title="bbox 652 185 1188 240">
    <p class='ocr_par' dir='ltr' id='par_1_1' title="bbox 652 185 1188 240">
     <span class='ocr_line' id='line_1_1' title="bbox 652 185 1188 240; baseline -0.004 -1"><span class='ocrx_word' id='word_1_1' title='bbox 652 203 819 226; x_wconf 51' lang='grc' dir='ltr'>επ</span> <span class='ocrx_word' id='word_1_2' title='bbox 852 185 1005 240; x_wconf 78' lang='lat'><em>(229)</em></span> <span class='ocrx_word' id='word_1_3' title='bbox 1037 199 1188 212; x_wconf 87' lang='grc'>-·-·</span> 
     </span>
    </p>
   </div>
   <div class='ocr_carea' id='block_1_2' title="bbox 1039 214 1188 223">
    <p class='ocr_par' dir='ltr' id='par_1_2' title="bbox 1039 214 1188 223">
     <span class='ocr_line' id='line_1_2' title="bbox 1039 214 1188 223; baseline 0 2479"><span class='ocrx_word' id='word_1_4' title='bbox 1039 214 1188 223; x_wconf 95' lang='lat' dir='ltr'> </span> 
     </span>
    </p>
   </div>
   <div class='ocr_carea' id='block_1_3' title="bbox 85 290 1735 1805">
    <p class='ocr_par' dir='ltr' id='par_1_3' title="bbox 85 290 1735 1805">
     <span class='ocr_line' id='line_1_3' title="bbox 137 290 1719 356; baseline -0.008 -13"><span class='ocrx_word' id='word_1_5' title='bbox 137 301 433 356; x_wconf 65' lang='lat' dir='ltr'>ingrediuntur</span> <span class='ocrx_word' id='word_1_6' title='bbox 466 299 747 352; x_wconf 78' lang='lat' dir='ltr'>inferiorem,</span> <span class='ocrx_word' id='word_1_7' title='bbox 792 297 1012 353; x_wconf 81' lang='lat' dir='ltr'>parallelae</span> <span class='ocrx_word' id='word_1_8' title='bbox 1049 296 1136 336; x_wconf 85' lang='lat' dir='ltr'>fere</span> <span class='ocrx_word' id='word_1_9' title='bbox 1173 291 1350 346; x_wconf 85' lang='lat' dir='ltr'>margini</span> <span class='ocrx_word' id='word_1_10' title='bbox 1385 303 1531 344; x_wconf 81' lang='lat' dir='ltr'>parum</span> <span class='ocrx_word' id='word_1_11' title='bbox 1568 303 1589 332; x_wconf 87' lang='lat' dir='ltr'>a</span> <span class='ocrx_word' id='word_1_12' title='bbox 1624 290 1719 331; x_wconf 87' lang='lat' dir='ltr'>lon-</span> 
     </span>
     <span class='ocr_line' id='line_1_4' title="bbox 138 354 1722 426; baseline -0.006 -21"><span class='ocrx_word' id='word_1_13' title='bbox 138 367 439 420; x_wconf 83' lang='lat' dir='ltr'>gitudinalibus</span> <span class='ocrx_word' id='word_1_14' title='bbox 479 365 675 406; x_wconf 78' lang='lat' dir='ltr'>diffeiunt</span> <span class='ocrx_word' id='word_1_15' title='bbox 709 364 769 417; x_wconf 87' lang='grc' dir='ltr'>α).</span> <span class='ocrx_word' id='word_1_16' title='bbox 816 362 918 403; x_wconf 91' lang='lat' dir='ltr'>Non</span> <span class='ocrx_word' id='word_1_17' title='bbox 956 360 1085 413; x_wconf 81' lang='lat' dir='ltr'>magis</span> <span class='ocrx_word' id='word_1_18' title='bbox 1124 372 1226 412; x_wconf 83' lang='lat' dir='ltr'>ergo</span> <span class='ocrx_word' id='word_1_19' title='bbox 1263 358 1304 397; x_wconf 92' lang='lat' dir='ltr'>in</span> <span class='ocrx_word' id='word_1_20' title='bbox 1341 355 1544 408; x_wconf 86' lang='lat' dir='ltr'>superiori</span> <span class='ocrx_word' id='word_1_21' title='bbox 1580 354 1722 426; x_wconf 87' lang='lat' dir='ltr'>super-</span> 
     </span>
     <span class='ocr_line' id='line_1_5' title="bbox 139 419 1725 478; baseline -0.008 -8"><span class='ocrx_word' id='word_1_22' title='bbox 139 431 234 470; x_wconf 88' lang='lat' dir='ltr'>ficie</span> <span class='ocrx_word' id='word_1_23' title='bbox 273 430 347 471; x_wconf 79' lang='lat' dir='ltr'>hae</span> <span class='ocrx_word' id='word_1_24' title='bbox 384 430 513 469; x_wconf 81' lang='lat' dir='ltr'>fibrae</span> <span class='ocrx_word' id='word_1_25' title='bbox 550 443 571 469; x_wconf 86' lang='lat' dir='ltr'>a</span> <span class='ocrx_word' id='word_1_26' title='bbox 607 428 720 468; x_wconf 85' lang='lat' dir='ltr'>fibris</span> <span class='ocrx_word' id='word_1_27' title='bbox 758 426 1002 478; x_wconf 78' lang='lat' dir='ltr'>externis,</span> <span class='ocrx_word' id='word_1_28' title='bbox 1032 423 1183 477; x_wconf 84' lang='lat' dir='ltr'>quibus</span> <span class='ocrx_word' id='word_1_29' title='bbox 1223 429 1455 474; x_wconf 79' lang='lat' dir='ltr'>teguntur,</span> <span class='ocrx_word' id='word_1_30' title='bbox 1510 432 1636 472; x_wconf 86' lang='lat' dir='ltr'>quam</span> <span class='ocrx_word' id='word_1_31' title='bbox 1680 419 1725 458; x_wconf 85' lang='lat' dir='ltr'>in</span> 
     </span>
     <span class='ocr_line' id='line_1_6' title="bbox 137 477 1723 544; baseline -0.008 -11"><span class='ocrx_word' id='word_1_32' title='bbox 137 493 327 534; x_wconf 87' lang='lat' dir='ltr'>inferiori</span> <span class='ocrx_word' id='word_1_33' title='bbox 363 493 600 533; x_wconf 64' lang='lat' dir='ltr'>direffionis</span> <span class='ocrx_word' id='word_1_34' title='bbox 639 492 823 544; x_wconf 65' lang='lat' dir='ltr'>respediu</span> <span class='ocrx_word' id='word_1_35' title='bbox 862 477 1084 538; x_wconf 82' lang='lat' dir='ltr'>differunt</span> <span class='ocrx_word' id='word_1_36' title='bbox 1121 497 1162 527; x_wconf 88' lang='lat' dir='ltr'>et</span> <span class='ocrx_word' id='word_1_37' title='bbox 1197 486 1343 526; x_wconf 64' lang='lat' dir='ltr'>eadem</span> <span class='ocrx_word' id='word_1_38' title='bbox 1379 483 1488 523; x_wconf 83' lang='lat' dir='ltr'>inter</span> <span class='ocrx_word' id='word_1_39' title='bbox 1515 492 1723 524; x_wconf 70' lang='lat' dir='ltr'>vtrzuum-</span> 
     </span>
     <span class='ocr_line' id='line_1_7' title="bbox 109 544 1721 611; baseline -0.007 -14"><span class='ocrx_word' id='word_1_40' title='bbox 109 570 221 611; x_wconf 84' lang='lat' dir='ltr'>·que</span> <span class='ocrx_word' id='word_1_41' title='bbox 269 557 543 597; x_wconf 58' lang='lat' dir='ltr'>direffiionem</span> <span class='ocrx_word' id='word_1_42' title='bbox 587 556 628 599; x_wconf 86' lang='lat' dir='ltr'>in</span> <span class='ocrx_word' id='word_1_43' title='bbox 674 565 848 607; x_wconf 84' lang='lat' dir='ltr'>vtraque</span> <span class='ocrx_word' id='word_1_44' title='bbox 899 551 1116 608; x_wconf 86' lang='lat' dir='ltr'>superficie</span> <span class='ocrx_word' id='word_1_45' title='bbox 1167 544 1391 602; x_wconf 84' lang='lat' dir='ltr'>proportio</span> <span class='ocrx_word' id='word_1_46' title='bbox 1446 547 1514 587; x_wconf 90' lang='lat' dir='ltr'>est.</span> <span class='ocrx_word' id='word_1_47' title='bbox 1598 545 1721 601; x_wconf 78' lang='lat' dir='ltr'>Quae</span> 
     </span>
     <span class='ocr_line' id='line_1_8' title="bbox 136 611 1723 672; baseline -0.006 -11"><span class='ocrx_word' id='word_1_48' title='bbox 136 619 323 661; x_wconf 80' lang='lat' dir='ltr'>mediam</span> <span class='ocrx_word' id='word_1_49' title='bbox 358 629 520 672; x_wconf 88' lang='lat' dir='ltr'>partem</span> <span class='ocrx_word' id='word_1_50' title='bbox 555 619 777 659; x_wconf 87' lang='lat' dir='ltr'>ventriculi</span> <span class='ocrx_word' id='word_1_51' title='bbox 813 619 855 667; x_wconf 85' lang='lat' dir='ltr'>in</span> <span class='ocrx_word' id='word_1_52' title='bbox 890 616 1095 669; x_wconf 83' lang='lat' dir='ltr'>superiori</span> <span class='ocrx_word' id='word_1_53' title='bbox 1131 611 1347 665; x_wconf 88' lang='lat' dir='ltr'>superficie</span> <span class='ocrx_word' id='word_1_54' title='bbox 1376 620 1588 664; x_wconf 85' lang='lat' dir='ltr'>occupant</span> <span class='ocrx_word' id='word_1_55' title='bbox 1612 611 1723 651; x_wconf 83' lang='lat' dir='ltr'>strati</span> 
     </span>
     <span class='ocr_line' id='line_1_9' title="bbox 137 674 1723 734; baseline -0.006 -10"><span class='ocrx_word' id='word_1_56' title='bbox 137 683 307 724; x_wconf 87' lang='lat' dir='ltr'>secundi</span> <span class='ocrx_word' id='word_1_57' title='bbox 342 683 471 722; x_wconf 87' lang='lat' dir='ltr'>fibrae</span> <span class='ocrx_word' id='word_1_58' title='bbox 505 681 593 734; x_wconf 82' lang='lat' dir='ltr'>b),</span> <span class='ocrx_word' id='word_1_59' title='bbox 647 682 779 733; x_wconf 80' lang='lat' dir='ltr'>magis</span> <span class='ocrx_word' id='word_1_60' title='bbox 819 691 943 732; x_wconf 87' lang='lat' dir='ltr'>quam</span> <span class='ocrx_word' id='word_1_61' title='bbox 979 678 1072 717; x_wconf 83' lang='lat' dir='ltr'>illae</span> <span class='ocrx_word' id='word_1_62' title='bbox 1110 677 1157 716; x_wconf 87' lang='lat' dir='ltr'>ad</span> <span class='ocrx_word' id='word_1_63' title='bbox 1196 674 1304 716; x_wconf 82' lang='lat' dir='ltr'>basin</span> <span class='ocrx_word' id='word_1_64' title='bbox 1341 674 1514 727; x_wconf 86' lang='lat' dir='ltr'>oblique</span> <span class='ocrx_word' id='word_1_65' title='bbox 1552 675 1723 715; x_wconf 83' lang='lat' dir='ltr'>descen-</span> 
     </span>
     <span class='ocr_line' id='line_1_10' title="bbox 141 737 1724 798; baseline -0.006 -11"><span class='ocrx_word' id='word_1_66' title='bbox 141 748 278 798; x_wconf 79' lang='lat' dir='ltr'>dunt,</span> <span class='ocrx_word' id='word_1_67' title='bbox 330 756 376 786; x_wconf 86' lang='lat' dir='ltr'>vt</span> <span class='ocrx_word' id='word_1_68' title='bbox 411 756 551 786; x_wconf 78' lang='lat' dir='ltr'>tamen</span> <span class='ocrx_word' id='word_1_69' title='bbox 587 743 822 785; x_wconf 81' lang='lat' dir='ltr'>transuerso</span> <span class='ocrx_word' id='word_1_70' title='bbox 859 741 999 782; x_wconf 62' lang='lat' dir='ltr'>dudini</span> <span class='ocrx_word' id='word_1_71' title='bbox 1037 740 1206 791; x_wconf 84' lang='lat' dir='ltr'>multo,</span> <span class='ocrx_word' id='word_1_72' title='bbox 1260 751 1385 792; x_wconf 82' lang='lat' dir='ltr'>quam</span> <span class='ocrx_word' id='word_1_73' title='bbox 1421 737 1724 790; x_wconf 82' lang='lat' dir='ltr'>longitudinali</span> 
     </span>
     <span class='ocr_line' id='line_1_11' title="bbox 137 801 1723 864; baseline -0.005 -14"><span class='ocrx_word' id='word_1_74' title='bbox 137 811 216 851; x_wconf 77' lang='lat' dir='ltr'>sint</span> <span class='ocrx_word' id='word_1_75' title='bbox 249 810 473 864; x_wconf 87' lang='lat' dir='ltr'>propiores</span> <span class='ocrx_word' id='word_1_76' title='bbox 510 809 589 861; x_wconf 84' lang='lat' dir='ltr'>c);</span> <span class='ocrx_word' id='word_1_77' title='bbox 627 809 696 848; x_wconf 86' lang='lat' dir='ltr'>sed</span> <span class='ocrx_word' id='word_1_78' title='bbox 733 807 885 859; x_wconf 82' lang='lat' dir='ltr'>pariter</span> <span class='ocrx_word' id='word_1_79' title='bbox 919 814 961 844; x_wconf 90' lang='lat' dir='ltr'>et</span> <span class='ocrx_word' id='word_1_80' title='bbox 996 804 1124 843; x_wconf 81' lang='lat' dir='ltr'>fibrae</span> <span class='ocrx_word' id='word_1_81' title='bbox 1161 811 1359 842; x_wconf 80' lang='lat' dir='ltr'>externae</span> <span class='ocrx_word' id='word_1_82' title='bbox 1395 802 1528 853; x_wconf 83' lang='lat' dir='ltr'>magis</span> <span class='ocrx_word' id='word_1_83' title='bbox 1565 802 1607 840; x_wconf 90' lang='lat' dir='ltr'>in</span> <span class='ocrx_word' id='word_1_84' title='bbox 1643 801 1723 842; x_wconf 86' lang='lat' dir='ltr'>hac</span> 
     </span>
     <span class='ocr_line' id='line_1_12' title="bbox 135 865 1724 924; baseline -0.006 -10"><span class='ocrx_word' id='word_1_85' title='bbox 135 873 231 914; x_wconf 90' lang='lat' dir='ltr'>sede</span> <span class='ocrx_word' id='word_1_86' title='bbox 269 872 552 924; x_wconf 76' lang='lat' dir='ltr'>descendunt,</span> <span class='ocrx_word' id='word_1_87' title='bbox 589 881 635 911; x_wconf 88' lang='lat' dir='ltr'>vt</span> <span class='ocrx_word' id='word_1_88' title='bbox 670 867 968 922; x_wconf 82' lang='lat' dir='ltr'>longitudinali</span> <span class='ocrx_word' id='word_1_89' title='bbox 1004 867 1147 921; x_wconf 89' lang='lat' dir='ltr'>potius</span> <span class='ocrx_word' id='word_1_90' title='bbox 1186 876 1312 918; x_wconf 81' lang='lat' dir='ltr'>quam</span> <span class='ocrx_word' id='word_1_91' title='bbox 1348 865 1581 904; x_wconf 83' lang='lat' dir='ltr'>transuerso</span> <span class='ocrx_word' id='word_1_92' title='bbox 1619 865 1724 905; x_wconf 91' lang='lat' dir='ltr'>duc·</span> 
     </span>
     <span class='ocr_line' id='line_1_13' title="bbox 137 924 1722 986; baseline -0.005 -9"><span class='ocrx_word' id='word_1_93' title='bbox 137 937 199 977; x_wconf 90' lang='lat' dir='ltr'>tui</span> <span class='ocrx_word' id='word_1_94' title='bbox 233 937 435 976; x_wconf 80' lang='lat' dir='ltr'>accedant</span> <span class='ocrx_word' id='word_1_95' title='bbox 469 936 546 986; x_wconf 89' lang='lat' dir='ltr'>d).</span> <span class='ocrx_word' id='word_1_96' title='bbox 616 933 815 985; x_wconf 89' lang='lat' dir='ltr'>Denique</span> <span class='ocrx_word' id='word_1_97' title='bbox 863 944 966 984; x_wconf 83' lang='lat' dir='ltr'>quae</span> <span class='ocrx_word' id='word_1_98' title='bbox 1011 930 1138 983; x_wconf 81' lang='lat' dir='ltr'>apicis</span> <span class='ocrx_word' id='word_1_99' title='bbox 1178 924 1396 981; x_wconf 86' lang='lat' dir='ltr'>regionem</span> <span class='ocrx_word' id='word_1_100' title='bbox 1432 937 1644 980; x_wconf 86' lang='lat' dir='ltr'>occupant</span> <span class='ocrx_word' id='word_1_101' title='bbox 1679 929 1722 969; x_wconf 88' lang='lat' dir='ltr'>in</span> 
     </span>
     <span class='ocr_line' id='line_1_14' title="bbox 135 990 1722 1053; baseline -0.005 -13"><span class='ocrx_word' id='word_1_102' title='bbox 135 999 338 1053; x_wconf 86' lang='lat' dir='ltr'>superiori</span> <span class='ocrx_word' id='word_1_103' title='bbox 374 996 593 1051; x_wconf 88' lang='lat' dir='ltr'>superficie</span> <span class='ocrx_word' id='word_1_104' title='bbox 629 995 758 1035; x_wconf 85' lang='lat' dir='ltr'>fibrae</span> <span class='ocrx_word' id='word_1_105' title='bbox 795 1003 1028 1044; x_wconf 67' lang='lat' dir='ltr'>externae,</span> <span class='ocrx_word' id='word_1_106' title='bbox 1064 992 1329 1031; x_wconf 85' lang='lat' dir='ltr'>transuerfim</span> <span class='ocrx_word' id='word_1_107' title='bbox 1363 992 1445 1032; x_wconf 88' lang='lat' dir='ltr'>iam</span> <span class='ocrx_word' id='word_1_108' title='bbox 1480 990 1588 1045; x_wconf 78' lang='lat' dir='ltr'>ipsae</span> <span class='ocrx_word' id='word_1_109' title='bbox 1624 1005 1722 1045; x_wconf 86' lang='lat' dir='ltr'>pro-</span> 
     </span>
     <span class='ocr_line' id='line_1_15' title="bbox 135 1055 1721 1117; baseline -0.004 -14"><span class='ocrx_word' id='word_1_110' title='bbox 135 1063 384 1117; x_wconf 84' lang='lat' dir='ltr'>grediuntur</span> <span class='ocrx_word' id='word_1_111' title='bbox 419 1063 479 1113; x_wconf 85' lang='lat' dir='ltr'>e).</span> <span class='ocrx_word' id='word_1_112' title='bbox 549 1059 727 1100; x_wconf 75' lang='lat' dir='ltr'>Necesse</span> <span class='ocrx_word' id='word_1_113' title='bbox 763 1058 891 1109; x_wconf 86' lang='lat' dir='ltr'>igitur</span> <span class='ocrx_word' id='word_1_114' title='bbox 925 1056 1004 1107; x_wconf 78' lang='lat' dir='ltr'>est,</span> <span class='ocrx_word' id='word_1_115' title='bbox 1038 1064 1083 1096; x_wconf 87' lang='lat' dir='ltr'>vt</span> <span class='ocrx_word' id='word_1_116' title='bbox 1110 1055 1238 1095; x_wconf 82' lang='lat' dir='ltr'>fibrae</span> <span class='ocrx_word' id='word_1_117' title='bbox 1274 1055 1381 1095; x_wconf 79' lang='lat' dir='ltr'>strati</span> <span class='ocrx_word' id='word_1_118' title='bbox 1417 1055 1610 1106; x_wconf 80' lang='lat' dir='ltr'>secundi,</span> <span class='ocrx_word' id='word_1_119' title='bbox 1633 1068 1721 1108; x_wconf 87' lang='lat' dir='ltr'>quo</span> 
     </span>
     <span class='ocr_line' id='line_1_16' title="bbox 135 1116 1718 1179; baseline -0.006 -13"><span class='ocrx_word' id='word_1_120' title='bbox 135 1126 418 1179; x_wconf 80' lang='lat' dir='ltr'>proportione</span> <span class='ocrx_word' id='word_1_121' title='bbox 471 1123 617 1163; x_wconf 61' lang='lat' dir='ltr'>eadem</span> <span class='ocrx_word' id='word_1_122' title='bbox 663 1120 712 1161; x_wconf 84' lang='lat' dir='ltr'>ab</span> <span class='ocrx_word' id='word_1_123' title='bbox 756 1121 804 1160; x_wconf 87' lang='lat' dir='ltr'>iis</span> <span class='ocrx_word' id='word_1_124' title='bbox 853 1119 1079 1171; x_wconf 79' lang='lat' dir='ltr'>differant,</span> <span class='ocrx_word' id='word_1_125' title='bbox 1132 1119 1307 1170; x_wconf 86' lang='lat' dir='ltr'>oblique</span> <span class='ocrx_word' id='word_1_126' title='bbox 1351 1118 1601 1158; x_wconf 87' lang='lat' dir='ltr'>adscendant</span> <span class='ocrx_word' id='word_1_127' title='bbox 1631 1116 1718 1173; x_wconf 84' lang='lat' dir='ltr'>f).</span> 
     </span>
     <span class='ocr_line' id='line_1_17' title="bbox 95 1181 1718 1241; baseline -0.004 -13"><span class='ocrx_word' id='word_1_128' title='bbox 95 1187 99 1191; x_wconf 77' lang='grc'>’</span> <span class='ocrx_word' id='word_1_129' title='bbox 137 1187 207 1230; x_wconf 87' lang='lat' dir='ltr'>Sic</span> <span class='ocrx_word' id='word_1_130' title='bbox 252 1187 410 1241; x_wconf 85' lang='lat' dir='ltr'>vbique</span> <span class='ocrx_word' id='word_1_131' title='bbox 455 1187 602 1226; x_wconf 84' lang='lat' dir='ltr'>eadem</span> <span class='ocrx_word' id='word_1_132' title='bbox 648 1184 927 1238; x_wconf 87' lang='lat' dir='ltr'>proportione</span> <span class='ocrx_word' id='word_1_133' title='bbox 972 1183 1101 1223; x_wconf 84' lang='lat' dir='ltr'>fibrae</span> <span class='ocrx_word' id='word_1_134' title='bbox 1144 1182 1253 1222; x_wconf 85' lang='lat' dir='ltr'>strati</span> <span class='ocrx_word' id='word_1_135' title='bbox 1298 1182 1481 1222; x_wconf 87' lang='lat' dir='ltr'>secundi</span> <span class='ocrx_word' id='word_1_136' title='bbox 1511 1195 1533 1222; x_wconf 87' lang='lat' dir='ltr'>a</span> <span class='ocrx_word' id='word_1_137' title='bbox 1567 1181 1718 1234; x_wconf 78' lang='lat' dir='ltr'>fibris,</span> 
     </span>
     <span class='ocr_line' id='line_1_18' title="bbox 135 1245 1720 1304; baseline -0.003 -14"><span class='ocrx_word' id='word_1_138' title='bbox 135 1251 287 1304; x_wconf 89' lang='lat' dir='ltr'>quibus</span> <span class='ocrx_word' id='word_1_139' title='bbox 326 1260 558 1303; x_wconf 79' lang='lat' dir='ltr'>teguntur,</span> <span class='ocrx_word' id='word_1_140' title='bbox 611 1249 796 1288; x_wconf 86' lang='lat' dir='ltr'>externis</span> <span class='ocrx_word' id='word_1_141' title='bbox 843 1246 1084 1287; x_wconf 57' lang='lat' dir='ltr'>directionis</span> <span class='ocrx_word' id='word_1_142' title='bbox 1122 1247 1306 1299; x_wconf 67' lang='lat' dir='ltr'>resped&#39;cu</span> <span class='ocrx_word' id='word_1_143' title='bbox 1343 1245 1574 1296; x_wconf 61' lang='lat' dir='ltr'>differunt,</span> <span class='ocrx_word' id='word_1_144' title='bbox 1626 1246 1720 1286; x_wconf 89' lang='lat' dir='ltr'>vbi-</span> 
     </span>
     <span class='ocr_line' id='line_1_19' title="bbox 124 1308 1722 1368; baseline -0.003 -14"><span class='ocrx_word' id='word_1_145' title='bbox 124 1316 219 1367; x_wconf 72' lang='lat' dir='ltr'>&#39;que</span> <span class='ocrx_word' id='word_1_146' title='bbox 255 1314 420 1368; x_wconf 82' lang='lat' dir='ltr'>aequali</span> <span class='ocrx_word' id='word_1_147' title='bbox 455 1313 585 1366; x_wconf 81' lang='lat' dir='ltr'>gradu</span> <span class='ocrx_word' id='word_1_148' title='bbox 624 1324 678 1352; x_wconf 81' lang='lat' dir='ltr'>ex</span> <span class='ocrx_word' id='word_1_149' title='bbox 713 1311 913 1365; x_wconf 87' lang='lat' dir='ltr'>oblique</span> <span class='ocrx_word' id='word_1_150' title='bbox 928 1309 1179 1350; x_wconf 86' lang='lat' dir='ltr'>defendente</span> <span class='ocrx_word' id='word_1_151' title='bbox 1216 1310 1266 1349; x_wconf 86' lang='lat' dir='ltr'>ad</span> <span class='ocrx_word' id='word_1_152' title='bbox 1310 1308 1624 1361; x_wconf 83' lang='lat' dir='ltr'>transuersum,</span> <span class='ocrx_word' id='word_1_153' title='bbox 1666 1321 1722 1352; x_wconf 82' lang='lat' dir='ltr'>ex</span> 
     </span>
     <span class='ocr_line' id='line_1_20' title="bbox 136 1372 1722 1427; baseline -0.004 -10"><span class='ocrx_word' id='word_1_154' title='bbox 136 1378 372 1417; x_wconf 82' lang='lat' dir='ltr'>transuerso</span> <span class='ocrx_word' id='word_1_155' title='bbox 425 1376 476 1416; x_wconf 84' lang='lat' dir='ltr'>ad</span> <span class='ocrx_word' id='word_1_156' title='bbox 531 1375 707 1427; x_wconf 89' lang='lat' dir='ltr'>oblique</span> <span class='ocrx_word' id='word_1_157' title='bbox 761 1375 1084 1415; x_wconf 77' lang='lat' dir='ltr'>adicendentem</span> <span class='ocrx_word' id='word_1_158' title='bbox 1138 1372 1308 1412; x_wconf 56' lang='lat' dir='ltr'>ducrum</span> <span class='ocrx_word' id='word_1_159' title='bbox 1370 1374 1722 1425; x_wconf 85' lang='lat' dir='ltr'>progrediuntur.</span> 
     </span>
     <span class='ocr_line' id='line_1_21' title="bbox 91 1434 1719 1494; baseline -0.002 -15"><span class='ocrx_word' id='word_1_160' title='bbox 91 1450 94 1458; x_wconf 78' lang='lat'><em>¹</em></span> <span class='ocrx_word' id='word_1_161' title='bbox 137 1439 257 1494; x_wconf 83' lang='lat' dir='ltr'>Quae</span> <span class='ocrx_word' id='word_1_162' title='bbox 301 1450 461 1493; x_wconf 85' lang='lat' dir='ltr'>partem</span> <span class='ocrx_word' id='word_1_163' title='bbox 508 1439 691 1477; x_wconf 89' lang='lat' dir='ltr'>mediam</span> <span class='ocrx_word' id='word_1_164' title='bbox 726 1436 949 1476; x_wconf 88' lang='lat' dir='ltr'>ventriculi</span> <span class='ocrx_word' id='word_1_165' title='bbox 992 1436 1034 1477; x_wconf 90' lang='lat' dir='ltr'>in</span> <span class='ocrx_word' id='word_1_166' title='bbox 1076 1434 1268 1478; x_wconf 89' lang='lat' dir='ltr'>inferiori</span> <span class='ocrx_word' id='word_1_167' title='bbox 1304 1444 1514 1488; x_wconf 86' lang='lat' dir='ltr'>occupant</span> <span class='ocrx_word' id='word_1_168' title='bbox 1549 1435 1719 1489; x_wconf 86' lang='lat' dir='ltr'>superfi-</span> 
     </span>
     <span class='ocr_line' id='line_1_22' title="bbox 85 1497 1715 1551; baseline -0.002 -8"><span class='ocrx_word' id='word_1_169' title='bbox 85 1513 94 1519; x_wconf 71' lang='grc'><strong><em>’</em></strong></span> <span class='ocrx_word' id='word_1_170' title='bbox 134 1503 198 1543; x_wconf 89' lang='lat' dir='ltr'>cie</span> <span class='ocrx_word' id='word_1_171' title='bbox 233 1497 369 1543; x_wconf 76' lang='lat' dir='ltr'>fibrae?</span> <span class='ocrx_word' id='word_1_172' title='bbox 396 1501 503 1540; x_wconf 83' lang='lat' dir='ltr'>strati</span> <span class='ocrx_word' id='word_1_173' title='bbox 540 1499 710 1539; x_wconf 89' lang='lat' dir='ltr'>secundi</span> <span class='ocrx_word' id='word_1_174' title='bbox 743 1500 793 1551; x_wconf 78' lang='lat' dir='ltr'>g)</span> <span class='ocrx_word' id='word_1_175' title='bbox 830 1510 946 1540; x_wconf 80' lang='lat' dir='ltr'>ortae</span> <span class='ocrx_word' id='word_1_176' title='bbox 981 1512 1003 1541; x_wconf 83' lang='lat' dir='ltr'>a</span> <span class='ocrx_word' id='word_1_177' title='bbox 1037 1512 1161 1546; x_wconf 76' lang='lat' dir='ltr'>crena</span> <span class='ocrx_word' id='word_1_178' title='bbox 1194 1497 1259 1550; x_wconf 78' lang='lat' dir='ltr'>h),</span> <span class='ocrx_word' id='word_1_179' title='bbox 1294 1499 1396 1539; x_wconf 82' lang='lat' dir='ltr'>aliae</span> <span class='ocrx_word' id='word_1_180' title='bbox 1433 1498 1561 1540; x_wconf 87' lang='lat' dir='ltr'>fibrae</span> <span class='ocrx_word' id='word_1_181' title='bbox 1597 1498 1715 1551; x_wconf 78' lang='lat' dir='ltr'>sunt,</span> 
     </span>
     <span class='ocr_line' id='line_1_23' title="bbox 86 1559 1716 1618; baseline 0 -14"><span class='ocrx_word' id='word_1_182' title='bbox 86 1578 90 1590; x_wconf 68' lang='grc'>’-</span> <span class='ocrx_word' id='word_1_183' title='bbox 137 1578 263 1618; x_wconf 84' lang='lat' dir='ltr'>quam</span> <span class='ocrx_word' id='word_1_184' title='bbox 303 1559 406 1618; x_wconf 84' lang='lat' dir='ltr'>quae</span> <span class='ocrx_word' id='word_1_185' title='bbox 443 1564 484 1602; x_wconf 89' lang='lat' dir='ltr'>in</span> <span class='ocrx_word' id='word_1_186' title='bbox 522 1563 641 1603; x_wconf 80' lang='lat' dir='ltr'>strato</span> <span class='ocrx_word' id='word_1_187' title='bbox 678 1573 857 1603; x_wconf 85' lang='lat' dir='ltr'>externo</span> <span class='ocrx_word' id='word_1_188' title='bbox 894 1564 1070 1603; x_wconf 78' lang='lat' dir='ltr'>eandem</span> <span class='ocrx_word' id='word_1_189' title='bbox 1107 1562 1247 1603; x_wconf 87' lang='lat' dir='ltr'>sedem</span> <span class='ocrx_word' id='word_1_190' title='bbox 1284 1571 1434 1615; x_wconf 87' lang='lat' dir='ltr'>tegunt</span> <span class='ocrx_word' id='word_1_191' title='bbox 1478 1563 1560 1616; x_wconf 82' lang='lat' dir='ltr'>i),</span> <span class='ocrx_word' id='word_1_192' title='bbox 1611 1576 1716 1617; x_wconf 86' lang='lat' dir='ltr'>quae</span> 
     </span>
     <span class='ocr_line' id='line_1_24' title="bbox 134 1626 1717 1681; baseline 0 -14"><span class='ocrx_word' id='word_1_193' title='bbox 134 1629 288 1681; x_wconf 81' lang='lat' dir='ltr'>partim</span> <span class='ocrx_word' id='word_1_194' title='bbox 324 1641 346 1667; x_wconf 89' lang='lat' dir='ltr'>a</span> <span class='ocrx_word' id='word_1_195' title='bbox 380 1627 454 1666; x_wconf 87' lang='lat' dir='ltr'>filo</span> <span class='ocrx_word' id='word_1_196' title='bbox 491 1627 761 1679; x_wconf 79' lang='lat' dir='ltr'>cartilagineo</span> <span class='ocrx_word' id='word_1_197' title='bbox 796 1627 952 1667; x_wconf 82' lang='lat' dir='ltr'>sinistro</span> <span class='ocrx_word' id='word_1_198' title='bbox 989 1626 1214 1677; x_wconf 76' lang='lat' dir='ltr'>anteriori,</span> <span class='ocrx_word' id='word_1_199' title='bbox 1251 1627 1401 1679; x_wconf 83' lang='lat' dir='ltr'>partim</span> <span class='ocrx_word' id='word_1_200' title='bbox 1438 1640 1459 1666; x_wconf 89' lang='lat' dir='ltr'>a</span> <span class='ocrx_word' id='word_1_201' title='bbox 1496 1626 1717 1679; x_wconf 84' lang='lat' dir='ltr'>posteriori</span> 
     </span>
     <span class='ocr_line' id='line_1_25' title="bbox 135 1689 1717 1744; baseline -0.001 -12"><span class='ocrx_word' id='word_1_202' title='bbox 135 1691 343 1732; x_wconf 86' lang='lat' dir='ltr'>oriuntur.</span> <span class='ocrx_word' id='word_1_203' title='bbox 410 1690 630 1744; x_wconf 81' lang='lat' dir='ltr'>Analogae</span> <span class='ocrx_word' id='word_1_204' title='bbox 666 1689 749 1731; x_wconf 89' lang='lat' dir='ltr'>illis</span> <span class='ocrx_word' id='word_1_205' title='bbox 785 1690 940 1742; x_wconf 80' lang='lat' dir='ltr'>fibrae,</span> <span class='ocrx_word' id='word_1_206' title='bbox 976 1690 1026 1731; x_wconf 86' lang='lat' dir='ltr'>ab</span> <span class='ocrx_word' id='word_1_207' title='bbox 1065 1691 1212 1732; x_wconf 86' lang='lat' dir='ltr'>eadem</span> <span class='ocrx_word' id='word_1_208' title='bbox 1248 1702 1394 1731; x_wconf 72' lang='lat' dir='ltr'>cren-ae</span> <span class='ocrx_word' id='word_1_209' title='bbox 1428 1699 1545 1744; x_wconf 84' lang='lat' dir='ltr'>parte</span> <span class='ocrx_word' id='word_1_210' title='bbox 1581 1700 1717 1742; x_wconf 85' lang='lat' dir='ltr'>ortae,</span> 
     </span>
     <span class='ocr_line' id='line_1_26' title="bbox 932 1754 1735 1805; baseline -0.001 -10"><span class='ocrx_word' id='word_1_211' title='bbox 932 1754 964 1795; x_wconf 91' lang='lat' dir='ltr'>F</span> <span class='ocrx_word' id='word_1_212' title='bbox 986 1755 1009 1795; x_wconf 88' lang='lat' dir='ltr'>f</span> <span class='ocrx_word' id='word_1_213' title='bbox 1037 1767 1059 1805; x_wconf 84' lang='grc'>3</span> <span class='ocrx_word' id='word_1_214' title='bbox 1674 1754 1735 1805; x_wconf 58' lang='lat' dir='ltr'>in,</span> 
     </span>
    </p>
   </div>
   <div class='ocr_carea' id='block_1_4' title="bbox 158 1850 1714 1870">
    <p class='ocr_par' dir='ltr' id='par_1_4' title="bbox 158 1850 1714 1870">
     <span class='ocr_line' id='line_1_27' title="bbox 158 1850 1714 1870; baseline 0 832"><span class='ocrx_word' id='word_1_215' title='bbox 158 1850 1714 1870; x_wconf 95' lang='lat' dir='ltr'> </span> 
     </span>
    </p>
   </div>
   <div class='ocr_carea' id='block_1_5' title="bbox 205 1902 1579 2061">
    <p class='ocr_par' dir='ltr' id='par_1_5' title="bbox 205 1902 1579 2061">
     <span class='ocr_line' id='line_1_28' title="bbox 205 1902 1579 1953; baseline -0.001 -13"><span class='ocrx_word' id='word_1_216' title='bbox 205 1904 243 1949; x_wconf 83' lang='grc' dir='ltr'>α)</span> <span class='ocrx_word' id='word_1_217' title='bbox 273 1902 360 1941; x_wconf 82' lang='lat' dir='ltr'>Tab.</span> <span class='ocrx_word' id='word_1_218' title='bbox 388 1903 441 1939; x_wconf 89' lang='lat' dir='ltr'>1v.</span> <span class='ocrx_word' id='word_1_219' title='bbox 470 1906 519 1939; x_wconf 82' lang='lat'>62.</span> <span class='ocrx_word' id='word_1_220' title='bbox 549 1915 586 1948; x_wconf 86' lang='lat'>73</span> <span class='ocrx_word' id='word_1_221' title='bbox 614 1915 666 1948; x_wconf 82' lang='lat'>74.</span> <span class='ocrx_word' id='word_1_222' title='bbox 716 1906 751 1942; x_wconf 93' lang='lat' dir='ltr'>T</span> <span class='ocrx_word' id='word_1_223' title='bbox 753 1906 802 1945; x_wconf 82' lang='lat' dir='ltr'>ab.</span> <span class='ocrx_word' id='word_1_224' title='bbox 828 1905 889 1943; x_wconf 88' lang='lat' dir='ltr'>v1.</span> <span class='ocrx_word' id='word_1_225' title='bbox 917 1917 967 1950; x_wconf 85' lang='lat'>47.</span> <span class='ocrx_word' id='word_1_226' title='bbox 984 1917 1045 1952; x_wconf 74' lang='lat'>57.</span> <span class='ocrx_word' id='word_1_227' title='bbox 1071 1908 1120 1952; x_wconf 87' lang='lat'>56.</span> <span class='ocrx_word' id='word_1_228' title='bbox 1148 1907 1200 1941; x_wconf 81' lang='lat'>62.</span> <span class='ocrx_word' id='word_1_229' title='bbox 1225 1917 1280 1952; x_wconf 85' lang='lat'>49.</span> <span class='ocrx_word' id='word_1_230' title='bbox 1309 1916 1354 1953; x_wconf 79' lang='lat'>52.</span> <span class='ocrx_word' id='word_1_231' title='bbox 1381 1905 1495 1950; x_wconf 82' lang='lat'><strong>55..76</strong></span> <span class='ocrx_word' id='word_1_232' title='bbox 1522 1903 1579 1947; x_wconf 83' lang='lat'>69.</span> 
     </span>
     <span class='ocr_line' id='line_1_29' title="bbox 207 1959 759 2008; baseline 0.005 -13"><span class='ocrx_word' id='word_1_233' title='bbox 207 1959 245 2002; x_wconf 83' lang='lat' dir='ltr'>h)</span> <span class='ocrx_word' id='word_1_234' title='bbox 273 1961 357 1998; x_wconf 82' lang='lat' dir='ltr'>Tab.</span> <span class='ocrx_word' id='word_1_235' title='bbox 385 1961 462 1998; x_wconf 77' lang='lat' dir='ltr'>Vll.</span> <span class='ocrx_word' id='word_1_236' title='bbox 490 1963 525 1998; x_wconf 83' lang='lat' dir='ltr'>E.</span> <span class='ocrx_word' id='word_1_237' title='bbox 554 1968 603 2002; x_wconf 84' lang='lat'>38.</span> <span class='ocrx_word' id='word_1_238' title='bbox 630 1972 680 2003; x_wconf 80' lang='lat'>34.</span> <span class='ocrx_word' id='word_1_239' title='bbox 708 1974 759 2008; x_wconf 84' lang='lat'>39.</span> 
     </span>
     <span class='ocr_line' id='line_1_30' title="bbox 207 2015 774 2061; baseline 0.011 -12"><span class='ocrx_word' id='word_1_240' title='bbox 207 2015 246 2061; x_wconf 82' lang='lat' dir='ltr'>e)</span> <span class='ocrx_word' id='word_1_241' title='bbox 275 2015 360 2052; x_wconf 79' lang='lat' dir='ltr'>Tab.</span> <span class='ocrx_word' id='word_1_242' title='bbox 389 2015 463 2049; x_wconf 80' lang='lat' dir='ltr'>VH.</span> <span class='ocrx_word' id='word_1_243' title='bbox 491 2027 537 2057; x_wconf 81' lang='lat'>32.</span> <span class='ocrx_word' id='word_1_244' title='bbox 567 2027 612 2057; x_wconf 83' lang='lat'>33.</span> <span class='ocrx_word' id='word_1_245' title='bbox 640 2023 689 2059; x_wconf 85' lang='lat'>38.</span> <span class='ocrx_word' id='word_1_246' title='bbox 719 2029 774 2061; x_wconf 69' lang='lat'>39.</span> 
     </span>
    </p>
   </div>
   <div class='ocr_carea' id='block_1_6' title="bbox 209 2076 758 2122">
    <p class='ocr_par' dir='ltr' id='par_1_6' title="bbox 209 2076 758 2122">
     <span class='ocr_line' id='line_1_31' title="bbox 209 2076 758 2122; baseline -0.004 -1"><span class='ocrx_word' id='word_1_247' title='bbox 209 2076 442 2121; x_wconf 76' lang='lat' dir='ltr'>d)T2b·1V</span> <span class='ocrx_word' id='word_1_248' title='bbox 469 2087 522 2120; x_wconf 81' lang='lat'>7⁵</span> <span class='ocrx_word' id='word_1_249' title='bbox 550 2082 600 2119; x_wconf 82' lang='lat'>78</span> <span class='ocrx_word' id='word_1_250' title='bbox 629 2090 682 2122; x_wconf 84' lang='lat'>79</span> <span class='ocrx_word' id='word_1_251' title='bbox 709 2085 758 2119; x_wconf 85' lang='lat'>82</span> 
     </span>
    </p>
   </div>
   <div class='ocr_carea' id='block_1_7' title="bbox 207 2132 759 2180">
    <p class='ocr_par' dir='ltr' id='par_1_7' title="bbox 207 2132 759 2180">
     <span class='ocr_line' id='line_1_32' title="bbox 207 2132 759 2180; baseline -0.009 0"><span class='ocrx_word' id='word_1_252' title='bbox 207 2135 246 2180; x_wconf 76' lang='lat' dir='ltr'>e)</span> <span class='ocrx_word' id='word_1_253' title='bbox 273 2134 356 2169; x_wconf 71' lang='lat' dir='ltr'>T-..1b</span> <span class='ocrx_word' id='word_1_254' title='bbox 383 2132 438 2168; x_wconf 82' lang='lat' dir='ltr'>IV·</span> <span class='ocrx_word' id='word_1_255' title='bbox 468 2145 522 2178; x_wconf 87' lang='lat'>94</span> <span class='ocrx_word' id='word_1_256' title='bbox 549 2145 612 2178; x_wconf 81' lang='lat'>95</span> <span class='ocrx_word' id='word_1_257' title='bbox 626 2146 693 2178; x_wconf 85' lang='lat'>97</span> <span class='ocrx_word' id='word_1_258' title='bbox 705 2141 759 2178; x_wconf 89' lang='lat'>98</span> 
     </span>
    </p>
   </div>
   <div class='ocr_carea' id='block_1_8' title="bbox 201 2189 940 2330">
    <p class='ocr_par' dir='ltr' id='par_1_8' title="bbox 201 2189 940 2330">
     <span class='ocr_line' id='line_1_33' title="bbox 201 2189 940 2237; baseline 0.004 -14"><span class='ocrx_word' id='word_1_259' title='bbox 201 2190 247 2236; x_wconf 89' lang='lat' dir='ltr'>s)</span> <span class='ocrx_word' id='word_1_260' title='bbox 277 2189 363 2224; x_wconf 76' lang='lat' dir='ltr'>Tab.</span> <span class='ocrx_word' id='word_1_261' title='bbox 390 2190 464 2225; x_wconf 86' lang='lat' dir='ltr'><strong>VII.</strong></span> <span class='ocrx_word' id='word_1_262' title='bbox 491 2200 545 2230; x_wconf 87' lang='lat'>41.</span> <span class='ocrx_word' id='word_1_263' title='bbox 573 2199 623 2231; x_wconf 82' lang='lat'>42.</span> <span class='ocrx_word' id='word_1_264' title='bbox 648 2200 687 2231; x_wconf 82' lang='lat'>43</span> <span class='ocrx_word' id='word_1_265' title='bbox 723 2202 773 2234; x_wconf 83' lang='lat'>47.</span> <span class='ocrx_word' id='word_1_266' title='bbox 803 2202 858 2237; x_wconf 84' lang='lat'>49.</span> <span class='ocrx_word' id='word_1_267' title='bbox 886 2201 940 2236; x_wconf 79' lang='grc'>50,</span> 
     </span>
     <span class='ocr_line' id='line_1_34' title="bbox 204 2238 726 2285; baseline -0.004 -12"><span class='ocrx_word' id='word_1_268' title='bbox 204 2242 247 2285; x_wconf 85' lang='lat' dir='ltr'>g)</span> <span class='ocrx_word' id='word_1_269' title='bbox 275 2239 361 2273; x_wconf 82' lang='lat' dir='ltr'>Tab.</span> <span class='ocrx_word' id='word_1_270' title='bbox 389 2238 445 2273; x_wconf 90' lang='lat' dir='ltr'>lX</span> <span class='ocrx_word' id='word_1_271' title='bbox 475 2240 726 2283; x_wconf 79' lang='lat'>4.6.11.15</span> 
     </span>
     <span class='ocr_line' id='line_1_35' title="bbox 207 2286 753 2330; baseline 0 -7"><span class='ocrx_word' id='word_1_272' title='bbox 207 2288 244 2330; x_wconf 83' lang='grc' dir='ltr'>Ιι)</span> <span class='ocrx_word' id='word_1_273' title='bbox 272 2288 360 2323; x_wconf 78' lang='lat' dir='ltr'>Tab.</span> <span class='ocrx_word' id='word_1_274' title='bbox 391 2287 464 2322; x_wconf 87' lang='lat' dir='ltr'>Vll.</span> <span class='ocrx_word' id='word_1_275' title='bbox 490 2286 514 2322; x_wconf 82' lang='lat' dir='ltr'>f.</span> <span class='ocrx_word' id='word_1_276' title='bbox 543 2299 590 2329; x_wconf 83' lang='lat'>32.</span> <span class='ocrx_word' id='word_1_277' title='bbox 619 2293 670 2327; x_wconf 88' lang='grc'>38.</span> <span class='ocrx_word' id='word_1_278' title='bbox 698 2299 753 2330; x_wconf 86' lang='lat'>40.</span> 
     </span>
    </p>
   </div>
   <div class='ocr_carea' id='block_1_9' title="bbox 207 2337 752 2385">
    <p class='ocr_par' dir='ltr' id='par_1_9' title="bbox 207 2337 752 2385">
     <span class='ocr_line' id='line_1_36' title="bbox 207 2337 752 2385; baseline 0.006 -14"><span class='ocrx_word' id='word_1_279' title='bbox 207 2338 244 2385; x_wconf 75' lang='lat' dir='ltr'>i)</span> <span class='ocrx_word' id='word_1_280' title='bbox 273 2337 357 2374; x_wconf 82' lang='lat' dir='ltr'>Tab.</span> <span class='ocrx_word' id='word_1_281' title='bbox 383 2339 436 2373; x_wconf 81' lang='lat' dir='ltr'>Vl.</span> <span class='ocrx_word' id='word_1_282' title='bbox 470 2339 520 2373; x_wconf 78' lang='lat'>16.</span> <span class='ocrx_word' id='word_1_283' title='bbox 548 2348 603 2372; x_wconf 66' lang='grc' dir='ltr'>πο.</span> <span class='ocrx_word' id='word_1_284' title='bbox 629 2347 679 2384; x_wconf 85' lang='lat'>39.</span> <span class='ocrx_word' id='word_1_285' title='bbox 709 2349 752 2383; x_wconf 84' lang='lat'>¹5·</span> 
     </span>
    </p>
   </div>
  </div>
 </body>
</html>
