2007 2702
663 211 813 225 “—
846 197 997 251 (245)
1031 213 1183 228 ··········

133 318 294 365 praeter
338 308 495 349 serrum
539 308 658 361 saepe
704 308 926 360 stannum,
981 318 1133 351 terram
1170 323 1257 351 non
1303 308 1592 361 metallicam,
1645 311 1716 352 vel

119 377 258 416 etiam
293 386 388 414 cum
418 372 623 412 Arsenico
660 374 850 412 mixtam.
923 372 1063 427 Quam
1099 384 1241 414 autem
1275 375 1387 414 varia
1422 374 1494 414 ille
1530 375 1639 414 inter
1676 376 1714 415 se

132 438 358 479 confundit
394 449 594 489 corpora,
629 449 683 476 ex
717 449 768 476 eo
791 465 803 486 ,
861 449 956 476 cum
980 467 992 489 ,
1045 439 1208 478 fortafl‘e
1230 468 1242 489 ,
1280 438 1431 478 dubius
1476 452 1715 491 ancepsque

131 503 274 552 dicat,
311 501 498 553 spumam
542 500 664 552 lupi,
717 500 971 541 Scliocrlum
994 530 1007 552 ,
1060 502 1320 554 Magnesiam
1357 503 1519 555 nigram
1556 512 1598 542 et
1634 503 1716 543 fer-

128 578 223 606 rum
262 565 495 604 micaceum
532 576 618 603 non
654 564 774 603 valde
812 565 921 604 inter
957 565 995 605 se
1032 565 1299 619 discrepare,
1350 567 1505 619 cuique
1541 567 1714 619 patebit.

128 627 341 681 Vogelius
387 636 599 666 caeterum
636 640 732 666 cum
770 640 821 667 eo
858 629 1153 678 consentiens,
1195 641 1289 667 eam
1341 630 1473 668 modo
1529 631 1715 682 speciem

130 691 311 744 Spumae
331 690 435 744 lupi,
456 689 708 731 Schoerlum
746 690 1038 742 appellandam
1075 690 1154 730 effe
1191 692 1429 742 contendit,
1468 704 1572 744 quae
1607 695 1716 746 pris-

128 757 279 796 marica
322 754 409 804 est,
463 753 659 793 lateribus
707 753 970 793 inordinatis.
1058 753 1140 795 Sed
1177 755 1363 795 Baumer
1397 755 1571 795 vlterius
1615 770 1716 809 pro-

127 820 316 872 greffns,
371 827 413 857 et
448 816 629 870 Spumae
675 816 764 869 lupi
810 815 1064 856 Schoerlum
1107 816 1371 856 fimillimum
1419 819 1592 871 quidem
1635 820 1714 861 esse

128 883 263 932 dicit,
315 880 549 920 laeuiorem
595 889 734 919 tamen
778 889 820 918 et
863 879 1247 931 ponderosiorem,
1299 893 1377 920 nec
1424 881 1714 935 ferrugineum

126 944 198 985 snb
236 943 368 983 rasura
413 943 702 982 ostendentem
739 941 956 992 colorem,
992 942 1241 996 saepiusque
1277 957 1375 996 prae
1410 943 1494 984 illis
1531 946 1716 987 multan-

125 1008 313 1061 gularem
350 1015 392 1045 et
427 1005 671 1045 tesselatum.
740 1004 853 1043 Hinc
890 1014 1005 1057 patet
1039 999 1160 1045 illum
1197 1007 1418 1048 discrimen
1453 1009 1561 1049 inter
1598 1022 1715 1062 crys-

123 1066 223 1113 talla
258 1069 403 1113 Stanni
438 1078 481 1108 et
515 1067 711 1110 Schoerli
747 1070 830 1108 iam
866 1067 957 1109 satis
994 1070 1259 1111 intellexisse.

317 1196 462 1238 Venio
498 1209 607 1237 nunc
644 1195 692 1236 ad
729 1195 806 1236 cel.
845 1195 986 1249 Sage,
1025 1197 1096 1249 qui
1131 1197 1174 1236 in
1209 1197 1321 1238 libro
1362 1211 1497 1251 1772.
1551 1199 1712 1242 Parifiis

124 1259 198 1301 snb
235 1259 390 1301 Titulo
426 1259 602 1301 Elemens
635 1260 681 1299 cle
716 1258 980 1311 Mineralogie
1014 1260 1287 1312 docimastique
1322 1261 1474 1312 edito,
1527 1262 1712 1304 schoer-

124 1324 214 1364 lum
258 1323 330 1363 sub
373 1337 458 1365 vno
502 1324 743 1376 eodemque
790 1324 962 1363 nomine
1006 1323 1207 1375 generico
1253 1337 1351 1364 cum
1395 1326 1557 1365 Baialte
1600 1327 1713 1378 illo,

125 1387 260 1428 trabes
297 1387 385 1428 illas
407 1416 420 1438 ,
456 1396 501 1428 vt
534 1386 764 1439 Agricolae
800 1387 939 1426 verbis
976 1396 1098 1436 vtar,
1151 1399 1474 1439 nonnumquam
1512 1390 1712 1430 constitn-

123 1460 246 1502 ente,
280 1451 462 1503 intelligi
498 1450 634 1489 voluit
668 1458 710 1487 et
745 1448 869 1488 nobis
908 1449 1231 1500 quatuordecim
1268 1450 1392 1490 huius
1428 1452 1593 1503 generis
1623 1452 1713 1505 spe·

123 1513 209 1554 cies
252 1514 472 1562 recenset,
527 1511 813 1564 (quamquam
859 1522 943 1551 tres
988 1513 1036 1552 ad
1082 1512 1375 1553 columnarem
1412 1515 1533 1554 illum
1577 1517 1710 1568 perti-

123 1576 295 1626 nent3)
349 1584 392 1615 et
426 1573 578 1614 multas
624 1574 818 1615 Schoerli
854 1576 1214 1626 crystallisationes
1252 1586 1293 1616 et
1330 1577 1503 1630 quidem
1539 1592 1709 1620 accura-

121 1638 269 1678 tiffime
308 1638 530 1691 descripsit.
568 1638 680 1678 Huic
716 1639 854 1692 postea
875 1640 925 1679 de
946 1639 1052 1690 l⁷Ile,
1084 1639 1145 1680 vir
1182 1640 1305 1693 sagax
1349 1650 1473 1695 atque
1511 1642 1706 1694 aiiiduus,

120 1703 165 1742 in
201 1702 386 1743 nominis
424 1711 548 1754 atque
584 1701 816 1754 specierum
852 1703 1131 1756 definitione,
1181 1704 1332 1744 additis
1368 1705 1492 1745 nouis
1531 1706 1707 1759 quibus·

121 1765 218 1806 dam
253 1764 416 1806 secutus
452 1765 522 1805 est.
606 1765 662 1805 Et
705 1765 901 1807 hactenus
947 1766 1070 1807 bene.
1155 1767 1239 1809 Sed
1277 1767 1378 1820 quid
1415 1769 1465 1808 de
1503 1768 1573 1809 illa
1615 1770 1703 1809 eius

121 1827 357 1879 sententia,
409 1841 488 1881 qna
533 1828 699 1881 prorsus
734 1829 784 1869 ab
821 1830 1018 1871 omnibus
1056 1830 1242 1871 Naturae
1280 1831 1594 1872 Scrutatoribus
1632 1831 1705 1872 ab·

121 1891 214 1932 nuit
248 1891 475 1931 dicendum
510 1891 590 1943 fit,
631 1893 784 1933 nescio.
851 1893 1029 1946 Primo,
1082 1893 1275 1945 scilicet,
1311 1894 1457 1934 calcem
1491 1908 1545 1935 ex
1580 1895 1702 1935 acido

122 1954 398 2009 phosphoreo
440 1964 482 1994 et
524 1965 630 1996 terra
674 1956 952 2005 absorbente3
1007 1967 1106 1996 tunc
1142 1956 1348 2017 erzum
1383 1971 1438 1998 ex
1481 1959 1604 1998 acido
1640 1957 1705 1998 vi-

121 2018 236 2059 trioli
272 2027 313 2058 et
346 2018 485 2059 Alcali
520 2018 641 2071 fixo,
692 2029 733 2060 et
776 2021 948 2060 demum
982 2019 1171 2073 Basaltcn
1215 2033 1269 2060 ex
1314 2020 1437 2061 acido
1484 2021 1706 2074 phospho-

122 2094 197 2122 reo
233 2081 358 2122 calcis
394 2091 436 2123 et
469 2081 607 2123 Alcali
643 2082 725 2125 fixa
761 2084 920 2139 Quarzi
965 2084 1150 2125 constare
1200 2083 1398 2138 perhibet
1431 2094 1555 2138 atque
1593 2084 1704 2125 affir-

119 2154 220 2186 mat.
290 2144 506 2200 Quoniam
541 2146 612 2186 ille
649 2160 726 2188 nos
761 2149 802 2188 in
839 2148 1100 2201 praefatmne
1137 2158 1313 2200 monet,
1348 2157 1395 2188 vt
1431 2149 1481 2188 de
1519 2149 1700 2189 inuentis

120 2207 245 2261 ipfius
274 2209 394 2250 nullo
423 2209 557 2250 modo
592 2211 848 2264 dubitemus,
869 2213 1026 2266 qnippe
1063 2211 1134 2252 ille
1171 2213 1296 2252 nullis
1333 2214 1525 2266 pepercit
1559 2211 1699 2266 sump-

120 2271 232 2314 tibus
275 2273 326 2314 ad
369 2275 656 2330 experimenta
697 2276 777 2319 rite
811 2276 1094 2329 instituenda,
1145 2277 1304 2316 neceffe
1348 2278 1479 2330 igitur
1513 2276 1602 2328 est,
1655 2284 1702 2314 vt

946 2341 988 2382 H
1010 2341 1038 2382 h
1076 2352 1098 2389 3
1628 2337 1701 2392 ipsi
