2007 2702
655 218 806 232 --
838 200 992 256 (223)
1025 218 1175 233 --

117 319 246 364 mittit
279 317 351 371 a),
386 315 540 369 longus
576 314 784 355 maiorem
817 313 886 368 b).
954 314 1189 356 Maximam
1226 322 1387 368 partem
1422 321 1601 369 vterque
1636 327 1704 355 re·-

116 386 233 439 cipit.
301 381 525 424 Caeterum
562 379 740 422 omnino
774 380 994 421 immutata
1027 378 1265 421 insertionis
1303 379 1418 420 sedes
1456 379 1597 422 versus
1633 379 1704 421 ba-

112 448 173 493 fin
203 455 404 505 promota
437 443 507 485 est.

387 574 612 631 Progreffiaes
646 574 867 618 dir-emonis
889 573 1089 628 fibrarum
1111 576 1234 631 strati
1256 573 1435 631 secundi.

304 670 374 713 Ex
407 673 491 713 hoc
526 672 812 725 dispositionis
850 671 1160 723 fundamento,
1206 680 1248 711 et
1285 681 1488 726 quantum
1525 672 1699 715 direffio

109 735 310 778 fibrarum
346 734 387 775 in
423 734 544 777 strato
580 736 795 787 secundo,
840 744 883 775 et
920 748 1000 788 qua
1034 736 1198 776 ratione
1234 735 1282 775 fit
1317 745 1505 786 mutata,
1543 736 1701 778 intelli·

111 802 238 854 gitur.
326 799 460 840 Fibris
504 799 672 852 singulis
717 799 767 838 ab
802 798 955 837 iisdem
993 811 1142 838 crenae
1177 799 1246 839 vel
1281 799 1451 839 filorum
1491 801 1699 854 cartilagi-

109 875 290 904 neorum
325 862 486 915 punctis
522 861 720 913 subortis,
756 862 806 902 ad
842 861 958 901 sedes
994 873 1105 901 nunc
1141 860 1278 902 multo
1317 862 1593 916 posteriores,
1630 865 1702 905 ba·

107 927 201 967 fiue‘
229 926 367 966 cordis
403 926 628 979 propiores
666 924 935 964 tendentibus
957 953 971 976 ,
1012 925 1174 965 necesse
1211 925 1301 976 est,
1335 934 1380 965 vt
1415 927 1553 966 multo
1589 941 1700 968 nunc

109 990 249 1031 ducstui
294 990 530 1029 transuerso
574 988 798 1041 propiores
847 987 1186 1040 progrediantur.
1272 987 1417 1043 Atque
1455 1003 1552 1030 cum
1589 990 1702 1030 obli-

110 1054 245 1107 quitas
282 1065 424 1093 earum
461 1065 509 1092 ea
544 1052 625 1092 iam
663 1049 790 1090 fuerit
823 1051 866 1090 in
903 1050 1025 1091 strato
1061 1061 1275 1103 externo,
1318 1063 1363 1092 vt
1396 1054 1520 1094 variis
1558 1054 1600 1094 in
1638 1054 1700 1095 se-

108 1117 230 1157 dibus
276 1117 325 1156 ad
371 1116 546 1168 angulos
593 1113 833 1154 semirectos
879 1115 962 1167 c),
1014 1114 1057 1154 in
1100 1115 1191 1155 aliis
1244 1115 1459 1157 semiresto
1515 1119 1698 1159 maiores

107 1179 181 1231 d),
217 1180 395 1219 omnino
432 1177 696 1219 transuerfim
732 1176 773 1216 in
809 1177 900 1218 aliis
937 1178 1003 1229 e),
1047 1191 1101 1218 ex
1137 1192 1260 1220 crena
1295 1180 1540 1234 prodirent3
1597 1195 1696 1223 cum

111 1252 254 1295 quarta
298 1241 384 1282 fere
430 1242 707 1296 longitudinis
752 1240 845 1282 suae
882 1251 997 1294 parte
1033 1240 1175 1282 versus
1212 1243 1320 1283 basin
1358 1253 1447 1285 tota
1481 1245 1598 1286 sedes
1634 1248 1699 1286 in-

104 1305 298 1346 sertionis
334 1306 381 1346 fit
413 1308 606 1352 retradia3
643 1305 802 1345 neceffe
839 1305 919 1345 ess'e
955 1313 1085 1358 patet,
1120 1314 1165 1344 vt
1199 1307 1268 1346 vel
1305 1320 1452 1360 parum
1488 1309 1557 1349 vel
1588 1309 1696 1351 nihil

104 1369 147 1408 in
193 1369 356 1410 sedibus
399 1369 488 1410 aliis
526 1383 547 1409 a
583 1369 707 1409 dudm
751 1368 987 1408 transuerso
1034 1367 1209 1408 direfflo
1254 1369 1455 1410 fibrarum
1490 1373 1531 1411 in
1570 1373 1694 1414 strato

104 1432 289 1472 secundo
333 1432 450 1472 distet
474 1431 570 1486 f),
619 1433 662 1470 in
698 1431 786 1470 aliis
825 1443 921 1469 eum
961 1431 1131 1470 dustum
1169 1433 1348 1473 omnino
1382 1434 1465 1474 iam
1502 1434 1694 1488 superet,

102 1496 152 1536 ab
189 1496 306 1549 apice
343 1496 458 1536 fibris
494 1493 635 1534 versus
672 1493 781 1533 basin
827 1494 1150 1546 quodammodo
1192 1494 1366 1548 oblique
1403 1497 1695 1540 adscendenti-

102 1558 181 1598 bus
217 1561 297 1610 g).
382 1557 422 1597 Is
465 1570 570 1610 ergo
614 1558 848 1610 progressus
884 1558 940 1598 est
977 1558 1217 1599 directionis
1254 1559 1452 1601 fibrarum
1489 1562 1530 1602 in
1569 1564 1691 1605 strato

104 1620 289 1660 secundo
332 1620 471 1660 versus
519 1632 611 1660 eam
656 1630 844 1672 metam,
899 1634 1024 1675 quam
1062 1622 1281 1663 succeffiue
1318 1637 1394 1677 per
1426 1627 1538 1666 varia
1574 1627 1693 1669 strata

104 1684 276 1724 demum
311 1682 440 1723 fibrae
476 1683 700 1723 ventriculi
742 1684 885 1724 sinistri
929 1686 1223 1738 assequuntur3
1276 1696 1323 1726 vt
1373 1701 1449 1741 per
1500 1690 1691 1732 semitam

99 1747 257 1787 scilicet
291 1748 469 1787 eandem
504 1760 558 1787 eo
595 1747 776 1801 denique
811 1749 855 1789 in
889 1749 1048 1790 vltimis
1087 1749 1216 1791 stratis
1250 1751 1452 1805 redeant,
1495 1755 1606 1796 vnde
1642 1756 1688 1797 in

100 1811 248 1865 primis
285 1819 400 1852 erant
434 1811 676 1864 produc‘iae.

1594 1878 1689 1974 Q

173 2064 219 2107 a)
247 2063 332 2097 Tab'.
362 2062 416 2099 IX.
455 2070 505 2101 18.

172 2110 216 2157 b)
245 2111 329 2145 Tab.
360 2112 416 2145 lx.
451 2113 483 2147 6.
516 2124 570 2151 10.
599 2125 648 2150 12.

173 2165 211 2200 c)
239 2161 323 2196 Tab.
352 2163 405 2195 IV.
433 2172 470 2205 73
510 2174 554 2207 75.
584 2175 639 2206 79.

173 2209 218 2253 d)
252 2212 269 2241 Ἰ
285 2211 332 2244 ab.
364 2212 413 2244 IV.
446 2218 496 2256 89.
525 2225 570 2256 90
609 2225 663 2257 92.

174 2259 216 2299 e)
243 2260 326 2294 Tab.
355 2262 409 2293 IV·
437 2272 492 2303 94-
524 2273 561 2305 95
601 2273 652 2306 97·
681 2271 737 2308 98·

164 2308 218 2352 s)
247 2308 331 2341 Tab.
359 2311 426 2342 VII.
455 2313 502 2351 36.
534 2323 581 2352 37.
612 2322 664 2352 38.

169 2361 223 2403 g)
253 2357 338 2394 Tab.
364 2359 438 2399 Vll,
463 2371 521 2402 41.
547 2372 601 2402 42.
630 2374 692 2406 44.
