2007 2702
816 196 973 210 ..-
1008 180 1162 236 (220,
1196 195 1348 209 ...-

276 301 482 358 originis,
522 300 603 341 filis
638 296 801 339 'scilicet
836 297 1117 351 cartilagineis
1153 295 1348 349 sinistris,
1382 297 1601 352 partique,
1641 313 1720 354 qua
1757 301 1879 343 funes

277 368 419 410 vltimi
455 366 677 416 oriuntur,
721 362 823 405 bafis
858 372 1006 410 ‚nortae
1042 363 1126 416 a);
1182 361 1346 415 reliqua
1380 373 1474 415 pars
1511 362 1682 407 dimidia
1720 376 1882 418 contra,

275 433 447 473 ordines
488 429 777 484 complectens
814 428 989 468 tertium
1025 437 1068 469 et
1104 436 1302 481 quartum
1337 424 1392 479 h)
1429 426 1481 467 ad
1517 426 1556 466 se
1593 438 1772 481 mutuo,
1808 431 1880 471 vbi

276 509 332 539 ex
367 495 528 536 ambitu
564 494 659 535 suae
695 493 892 547 originis,
927 492 1044 544 stria,
1081 501 1199 532 ortae
1234 491 1364 531 fibrae
1401 491 1559 541 essent,
1594 499 1636 531 et
1672 494 1722 533 ad
1758 494 1880 536 fibras

275 560 467 614 priores,
503 559 651 600 sensim
687 558 1014 611 conuergendo,
1048 556 1088 597 se
1124 556 1404 610 applicarent,
1439 554 1512 595 sub
1549 567 1708 608 easque
1744 556 1781 596 se
1815 572 1883 600 re..

277 625 469 679 ciperent
506 625 556 678 c)
579 653 593 676 ,
647 623 810 664 ambitu
854 621 1095 661 insertionis
1141 622 1338 661 omnium
1372 619 1574 660 fibrarum
1613 629 1884 673 externarum

273 688 503 730 ventriculi
540 687 756 743 prioribus
792 686 876 727 iam
911 685 1028 726 fibris
1067 685 1269 726 ordinum
1305 683 1434 738 primi
1469 693 1513 724 et
1548 683 1720 725 secundi
1757 697 1886 726 occu-

269 763 387 807 pato.
457 753 526 795 Sic
563 753 682 806 prior
718 764 811 804 pars
848 749 1079 801 fibrarum,
1117 749 1227 802 quasi
1264 749 1464 800 dimidia,
1499 747 1886 791 ambituml'totum

270 818 512 859 insertionis
569 824 786 868 occupat,
839 813 956 853 fibris
995 813 1108 853 haud
1155 813 1364 865 omnino,
1400 821 1441 854 at
1477 813 1708 854 maximam
1745 822 1885 855 tamen

269 892 454 936 partem,
499 879 730 933 parallelis,
782 877 946 919 ambitu
994 876 1235 917 insertionis
1273 877 1453 918 ambitui
1490 877 1667 930 originis
1702 878 1886 932 aequali.

268 946 419 986 Altera
466 945 642 985 dimidia
687 955 781 997 pars
829 942 901 982 sub
937 942 1103 995 priores
1141 942 1295 994 partim
1332 941 1372 981 se
1409 942 1596 994 recipit,
1653 943 1806 995 partim
1844 944 1887 985 in

269 1010 399 1064 ipsam
444 1010 630 1050 ambitus
676 1006 919 1048 insertionis
964 1005 1283 1046 extremitatem
1319 1017 1400 1045 vna
1436 1017 1536 1044 cnm
1571 1005 1731 1047 vltimis
1769 1008 1888 1060 prio-

268 1088 364 1114 rum
411 1073 663 1126 concurrit,
713 1071 839 1112 fibras
885 1070 1113 1111 efficiendo
1148 1069 1344 1123 radiatas.
1423 1068 1549 1111 ‘Haec
1586 1068 1803 1122 singularis
1843 1082 1886 1111 cr

267 1139 439 1193 propria
492 1137 709 1192 dispositio
764 1135 821 1176 est
875 1133 1078 1176 fibrarum
1133 1142 1410 1174 externarum
1459 1125 1687 1174 ventriculi
1725 1134 1882 1174 finillri.

267 1202 316 1243 In
373 1204 528 1243 dextro
581 1199 824 1242 ventriculo
872 1199 945 1237 nisi
992 1197 1173 1236 omnino
1220 1196 1446 1250 parallelae
1485 1196 1616 1238 fibrae
1655 1198 1882 1249 seruntur,

264 1280 413 1322 parum
451 1275 594 1306 tamen
629 1273 794 1304 tantum
832 1271 902 1302 aut
939 1261 1206 1314 diuergeudo
1243 1271 1313 1301 aut
1348 1262 1659 1316 conuergendo
1696 1276 1718 1303 a
1753 1262 1882 1303 solito

271 1330 452 1386 fimplici
490 1329 694 1370 fibrarum
731 1326 949 1382 progressu
987 1325 1226 1382 declinant.v

484 1436 698 1492 Di.sp0fiti0
724 1433 927 1488 fibrarum
950 1433 1075 1486 strati
1098 1433 1282 1487 secundi,
1320 1444 1391 1485 quo
1427 1445 1548 1486 vsque
1583 1445 1669 1474 cum

883 1508 1046 1539 externo
1084 1507 1272 1539 conuenit.

466 1599 607 1643 Simili
652 1604 925 1639 externarum
970 1595 1104 1636 modo
1142 1605 1184 1636 et
1219 1594 1348 1636 fibrae
1385 1592 1610 1648 dispositae
1647 1592 1741 1634 sunt
1776 1593 1883 1636 strati

270 1664 458 1707 secundi.
542 1664 642 1706 Alia
684 1675 830 1703 earum
868 1673 961 1715 pars
1000 1670 1141 1701 totum
1176 1659 1415 1700 insertionis
1453 1659 1660 1700 ambitum
1699 1670 1883 1714 occupat

266 1730 481 1783 fibrasque
519 1727 737 1783 parallelas
775 1726 977 1779 producit
1004 1725 1090 1777 cl);
1129 1725 1224 1775 alia,
1262 1724 1365 1765 licet
1400 1723 1543 1763 minor
1580 1724 1778 1774 omnino,
1819 1724 1881 1764 se-

274 1794 398 1836 dibus
435 1793 677 1833 insertionis
715 1789 945 1830 consumtis
968 1820 981 1841 ,
1037 1790 1107 1829 sub
1144 1790 1309 1843 priores
1347 1788 1385 1828 se
1422 1787 1609 1840 recipit,
1666 1787 1879 1842 fibrasque

269 1859 402 1900 efficit
436 1857 612 1898 radiatas
650 1855 698 1907 e)
736 1853 889 1893 similes
929 1854 1256 1907 quodammodo
1295 1852 1411 1892 fibris
1449 1852 1617 1892 radians
1657 1851 1884 1906 superiori-

271 1923 349 1965 bus
394 1921 502 1963 strati
538 1920 718 1962 externi.
806 1918 854 1958 In
892 1917 976 1957 hoc
1013 1928 1192 1957 externo
1231 1917 1353 1957 strato
1391 1917 1447 1957 ob
1485 1916 1613 1970 ipsam
1650 1917 1767 1958 illam
1804 1916 1882 1957 fin-

271 1988 465 2044 gularem
500 1986 702 2027 fibrarum
740 1981 1058 2037 dispositionem
1097 1983 1183 2022 duo
1223 1982 1427 2034 fasciculi,
1451 1994 1557 2034 quos
1580 1983 1758 2036 proprio
1780 1982 1876 2021 ideo

1796 2058 1874 2083 no-

270 2114 1877 2137 ,ffl—

349 2174 395 2219 a)
449 2173 542 2212 Tab,
569 2172 621 2208 Vl.
649 2185 684 2216 y.
717 2181 766 2216 1¹3,
794 2170 881 2209 Tab‚
907 2171 946 2203 V.
975 2179 1028 2210 37.
1057 2178 1108 2215 52.

347 2221 388 2267 b)
441 2225 527 2258 Tab.
559 2223 610 2258 iv.
640 2225 682 2258 D.
709 2223 754 2256 H.
777 2222 814 2257 E.

348 2274 389 2317 c)
445 2273 530 2306 Tab.
559 2273 610 2308 lV.
639 2285 691 2316 77,
717 2279 772 2316 78.
802 2279 853 2309 82.
881 2271 937 2314 96.
966 2282 1039 2304 100.

348 2322 393 2368 d)
447 2321 540 2356 Tab-
567 2322 620 2360 lx.
647 2323 667 2357 l.
696 2335 727 2369 p.
755 2335 793 2357 ιι.
821 2321 906 2356 Tab.
934 2320 998 2354 Vll.
1028 2321 1071 2354 H.
1102 2320 1143 2354 G.
1171 2318 1207 2353 E.
1239 2320 1293 2360 36.
1324 2330 1380 2364 39.

348 2374 386 2421 e)
439 2371 532 2413 hb,
557 2372 626 2409 VH.
656 2384 706 2414 37.
733 2384 784 2414 41.
812 2383 873 2415 42.
902 2382 961 2414 43.
989 2383 1043 2413 47.
1072 2369 1156 2406 Tab.
1185 2369 1242 2404 lx.
1271 2372 1318 2405 16.
1348 2381 1393 2410 ¹7·
1422 2371 1466 2407 18·
1494 2376 1539 2410 19.
