2007 2702
590 210 1145 257 .HISTOIRE.*
1595 230 1657 269 49

84 324 286 371 exteriori
330 323 585 379 conspicitur
625 323 863 376 varietas),
917 323 1067 365 tabulis
1105 324 1264 365 duabus
1300 325 1446 366 inclufi
1480 326 1624 368 vitreis
1647 356 1662 379 ‚

83 401 202 433 tanto
236 404 257 431 a
290 389 330 430 se
366 389 549 429 inuicem
585 388 808 429 interuallo
845 387 1102 438 distantibus,
1141 397 1298 440 quanto
1333 401 1440 442 opus
1476 399 1579 441 erat,
1608 403 1658 430 ne

83 455 310 495 tenerrima
342 453 621 505 vegetationis
659 461 820 492 textura
855 452 951 490 vitri
988 451 1189 504 pressione
1226 461 1295 491 aut
1330 454 1521 493 contafiu
1556 453 1661 494 laesa

84 517 384 558 detrimentum
434 524 614 570 caperet.
699 515 804 555 Tria
840 513 1052 555 eiusmodi
1087 514 1313 568 specimina
1353 514 1465 557 Tab.
1501 517 1552 559 B.
1575 529 1664 558 *ex-

81 581 215 622 hibet.

273 671 309 725 ᾗ.
349 684 388 711 2.
449 671 676 725 Elegantia
713 682 798 713 non
833 671 999 723 minus,
1037 683 1160 726 quam
1191 672 1387 713 nouitate
1422 674 1480 713 rei
1515 675 1662 716 incita·

81 746 148 778 tus
168 735 439 785 methodum,
459 744 613 776 tantam
650 736 773 776 huius
810 736 1050 776 substantiae
1087 736 1254 789 copiam
1291 747 1442 790 quanta
1464 738 1660 779 chemico

82 799 274 840 eiusdem
309 798 491 838 examini
527 798 954 851 sufficeretfparancli⁹
990 808 1036 839 vt
1069 799 1316 852 reperirem,
1339 812 1512 840 omnem
1535 814 1662 854 quam

81 862 203 918 potui
237 873 409 913 operam
446 861 557 900 dedi.
624 860 840 914 Principio
875 874 984 911 eam,
1021 861 1174 901 florum
1211 863 1406 903 Benzoes
1435 865 1487 904 ad
1523 865 1661 916 instar,

82 937 137 965 ex
171 923 326 963 cortice
361 922 560 972 Betulae‚
595 930 779 961 retortae
814 924 1021 974 immisso,
1066 924 1342 965 destillatione
1378 926 1480 967 sicca
1517 941 1660 980 parare

82 985 270 1036 tentam,
318 984 385 1024 fed
423 984 628 1024 frustaneo
664 983 830 1036 prorsus
869 984 1039 1033 labore3
1091 997 1257 1039 praeter
1292 988 1509 1030 consuetas
1546 992 1663 1031 enim

78 1047 315 1089 substantias
350 1047 549 1101 phlegma
585 1044 797 1087 nimirum*
821 1048 1033 1088 acidulum
1070 1058 1112 1089 et
1147 1050 1291 1089 oleum
1327 1050 1491 1103 spissum
1511 1066 1663 1107 empy-

78 1112 374 1162 reumaticum‚
410 1111 488 1150 hac
524 1110 731 1151 methodo
767 1110 934 1151 obtinui
971 1112 1091 1152 nihil.
1158 1113 1228 1153 Ad
1251 1127 1340 1154 eam
1365 1115 1509 1166 igitur7
1536 1130 1662 1168 quam

81 1175 194 1215 casus
231 1156 370 1228 pfimo
408 1173 593 1225 obtulit,
636 1174 747 1214 viam
783 1175 1002 1227 regressus,
1046 1176 1304 1217 substantiam
1340 1178 1456 1218 illam
1493 1181 1662 1231 optimo

81 1250 178 1278 cum
227 1237 406 1278 successu
452 1237 639 1290 sequenti
675 1238 808 1278 modo
843 1238 973 1291 parari
1012 1241 1124 1292 poffe
1161 1241 1319 1293 reperi:
1372 1241 1496 1294 Ligni
1532 1243 1662 1283 Betu-

80 1300 145 1341 lae
181 1299 295 1341 albae
332 1296 475 1351 frusta3
505 1301 664 1340 cortice
699 1309 742 1341 et
776 1300 867 1341 alba
904 1302 1165 1354 epidermide
1202 1304 1338 1343 adhuc
1374 1304 1532 1356 vestita,
1566 1319 1662 1346 ver-

81 1363 194 1403 ticali
229 1364 302 1403 fitu
337 1363 425 1416 igni
460 1364 765 1404 admoneantur
799 1365 847 1405 ad
885 1378 977 1405 eam
1014 1378 1148 1420 Vsque
1187 1367 1415 1407 distantiam
1440 1397 1453 1419 ‚
1513 1379 1557 1408 vt
1592 1382 1662 1409 va-

80 1438 207 1480 pores
243 1428 446 1476 eructent,
483 1440 620 1480 neque
656 1436 795 1468 tamen
832 1429 1057 1481 epidermis
1095 1431 1318 1471 tenerrima
1339 1432 1479 1484 ignem
1502 1433 1660 1484 capiat5

81 1489 202 1529 breui
252 1489 343 1543 post
373 1500 589 1543 -tempore
641 1491 812 1530 corticis
867 1492 1105 1545 superficies
1142 1495 1410 1547 vegetatione
1447 1495 1664 1536 cristallina

81 1551 286 1604 induitur,
325 1566 447 1606 quam
484 1553 695 1594 chartulae
731 1567 813 1607 ope
850 1555 1053 1608 colligere
1089 1556 1205 1608 licet,
1241 1558 1393 1608 modo,
1417 1570 1469 1596 ne
1505 1558 1661 1597 eodem

87 1615 214 1666 quasi,
253 1621 337 1667 quo'
373 1616 524 1667 oritur,
561 1626 781 1656 momento
815 1618 858 1656 in
895 1631 1010 1658 auras
1046 1619 1190 1669 abeat-s
1216 1620 1354 1659 omnis
1391 1620 1493 1660 a'e'ris
1517 1631 1660 1661 motus

84 1676 291 1722 euitetur3
344 1677 548 1729 fiquidem
593 1678 753 1718 tantilla
788 1680 842 1718 est
878 1679 1000 1719 huius
1038 1681 1232 1721 materiae
1271 1681 1478 1733 densitas,
1522 1691 1568 1724 vt
1600 1685 1664 1723 vi·

67 1745 195 1776 ·trum
218 1767 231 1789 ‚
266 1738 416 1778 libram
450 1741 656 1791 integram
691 1754 822 1795 aquae
861 1744 976 1795 quod
1012 1745 1146 1796 capit,
1183 1746 1279 1785 ofto
1316 1746 1512 1787 materiae
1547 1746 1659 1787 istius

65 1813 71 1817 ·
83 1801 222 1854 granis
257 1809 396 1841 totum
429 1802 653 1856 repleatur.

276 1907 312 1960 ᾗ.
350 1921 390 1957 3.
452 1904 643 1952 Ὀῑπειπε
688 1911 772 1952 hoc
814 1914 946 1954 modo
991 1914 1229 1956 substantiae
1271 1916 1395 1958 huius
1432 1915 1659 1958 sufficiente

86 1970 242 2024 copia,
278 1984 454 2011 examen
490 1975 578 2014 eius
614 1975 853 2016 chemicum
890 1987 932 2016 et
967 1980 1256 2029 experimenta
1290 1981 1402 2021 varia
1438 1994 1532 2020 cum
1571 1982 1659 2020 aliis

86 2047 212 2087 quam
245 2034 438 2087 plurimis
468 2033 686 2090 lignorum
722 2039 945 2093 generibus
980 2041 1188 2095 instituta,
1231 2055 1300 2083 me
1335 2044 1548 2095 sequentia
1583 2045 1661 2084 do·-

73 2106 275 2139 ‘cuerunn
598 2123 601 2125 -

150 2208 206 2263 a)
271 2209 452 2251 Materia
485 2210 590 2252 haec
624 2215 841 2257 cristallina
876 2230 960 2257 non
998 2217 1069 2258 nifi
1106 2230 1159 2257 ex
1193 2216 1342 2257 Betula
1376 2217 1465 2259 alba
1501 2227 1543 2258 et
1570 2218 1661 2271 qui-

280 2273 376 2313 dem
421 2287 507 2314 non
550 2276 622 2318 nifi
664 2292 718 2322 ex
757 2281 1017 2334 epidennide
1053 2280 1142 2320 eius
1178 2280 1416 2332 obtineam
1469 2295 1544 2323 nec
1580 2282 1660 2332 lig-

138 2333 317 2391 Histoire
351 2337 398 2376 de
437 2347 570 2390 1788·
1017 2356 1045 2396 g
1555 2355 1657 2384 num
