2007 2702
793 215 945 230 ···--
979 199 1134 255 (308)
1169 214 1322 230 ····-

264 322 382 362 fieret
425 315 712 370 complicata,
766 324 812 356 ut
847 315 1001 369 procul
1039 315 1172 356 dubio
1209 313 1387 368 praestet
1422 311 1531 354 hanc
1565 317 1865 370 aequationem

264 385 456 425 cubicam
492 381 696 422 tentando
732 379 914 421 solvere.
984 378 1188 421 Ceterum
1227 378 1362 419 cuivis
1400 377 1523 418 facile
1559 382 1734 432 patebit,
1757 394 1866 435 quo-

263 448 397 488 modo
443 446 540 486 huic
586 444 829 498 aequationi
875 444 1049 485 cubicae
1094 443 1327 497 simplicior
1367 442 1489 482 indui
1532 442 1655 497 poffit
1697 444 1866 498 forma,

265 523 392 565 quare
429 509 493 551 his
531 523 618 550 non
658 509 815 550 diutius
851 508 1076 550 immoror.
1148 507 1295 562 Quum
1333 506 1519 559 denique
1555 505 1734 559 angulos
1760 521 1808 560 μ,
1832 522 1868 562 ν,

262 576 333 616 vel
369 590 411 624 α,
434 576 479 628 β,
514 587 594 627 pro
630 573 807 615 arbitrio
845 574 1128 614 determinare
1165 572 1307 622 liceat,
1344 570 1595 625 praeprimis
1625 569 1870 612 coefficiens

264 640 309 681 A
353 639 603 679 huiusmodi
657 637 1014 678 determinatione
1068 637 1188 677 reddi
1244 636 1382 677 adhuc
1437 634 1577 688 potest
1624 634 1872 687 fimplicior.

265 703 406 745 Velut
440 702 469 742 fi
506 703 705 743 faciamus
742 703 771 757 β
791 714 853 741 z
876 714 899 739 2
920 716 961 754 α,
997 709 1043 741 ut
1078 701 1151 741 fiat
1187 700 1270 741 cos.
1297 699 1355 755 (β
1375 721 1438 728 —-
1458 699 1514 753 α)
1533 711 1597 739 z
1616 697 1701 740 cos.
1721 713 1763 753 α,
1799 697 1877 740 ob-

266 766 498 808 tinebimus

361 839 920 895 Aztang.v(cos.s(cos.
939 839 1121 881 oc—cos.
1138 838 1369 893 :zm—fin.
1388 839 1611 897 oetangqu.)
1628 868 1642 894 ‚
1679 847 1722 880 et

361 919 556 961 Bzfin.
575 917 1279 959 200-2s1n.a:-2fin.0efinv.
1297 933 1336 959 α.

461 1028 496 1082 ς.
538 1037 577 1073 8.
646 1028 785 1070 Restat
828 1027 1003 1079 adhuc,
1059 1037 1106 1068 ut
1152 1027 1383 1068 Problema
1420 1019 1605 1069 nostrum
1643 1027 1877 1068 secundum

266 1093 413 1149 paucis
451 1105 733 1146 exponamus.
814 1092 937 1148 Quot
973 1092 1227 1145 quantisque
1266 1092 1585 1134 difficultatibus
1623 1093 1764 1134 exaea
1800 1092 1876 1132 elc-

268 1159 443 1199 «vationis
480 1156 567 1197 Poli
602 1157 797 1198 definitio
832 1158 881 1197 sit
916 1156 1130 1207 obnoxia,
1168 1156 1385 1197 neminem
1421 1157 1781 1198 Astronomorum
1819 1156 1878 1196 la·-

269 1231 345 1262 tet.
414 1221 620 1261 Methodi
655 1222 869 1273 vulgares,
905 1232 1011 1272 quae
1048 1233 1198 1260 omnes
1235 1222 1285 1261 ad
1323 1222 1566 1262 altitudines
1594 1221 1876 1262 observandas

269 1285 558 1335 reducuntur,
610 1282 881 1337 sequentibus
920 1283 1163 1336 praesertim
1200 1284 1489 1327 incommodis
1529 1286 1621 1326 sunt
1656 1285 1876 1326 subiectae.

271 1347 448 1390 Summa
493 1347 562 1387 vel
599 1348 782 1401 perfecia
819 1347 1061 1388 exactitudo
1098 1347 1139 1386 in
1178 1347 1379 1388 divisione
1416 1349 1617 1400 sectoris,
1676 1349 1758 1390 fine
1797 1361 1878 1402 qua

271 1411 454 1453 altitudo
491 1412 633 1451 exacte
671 1413 763 1466 capi
800 1411 975 1463 nequit,
1012 1410 1085 1451 vix
1122 1424 1308 1463 unquam
1344 1411 1494 1465 sperari
1533 1414 1691 1465 potest‚·
1739 1413 1878 1467 quini·

272 1489 347 1516 mo
384 1476 706 1516 instrumentum
745 1475 1085 1529 perfectissimum
1121 1476 1346 1528 pretioque
1379 1476 1543 1528 ingenti
1564 1486 1754 1529 paratum
1778 1490 1879 1516 exa-

272 1540 390 1581 mine
436 1549 563 1593 atque
607 1540 870 1580 correctione
916 1539 1079 1593 semper
1115 1540 1252 1579 adhuc
1291 1540 1486 1593 indiget,
1540 1553 1645 1593 quae
1683 1540 1774 1579 saue
1810 1551 1877 1579 res

275 1605 332 1644 est
377 1604 488 1644 haud
535 1604 653 1656 parvi
697 1604 855 1645 laboris
892 1614 1018 1656 atque
1056 1603 1331 1644 difficultatis.
1419 1604 1510 1645 Vix
1545 1604 1766 1658 pauciores
1804 1616 1880 1643 oc·

275 1678 451 1708 currunt
497 1667 765 1709 difficultates
812 1680 888 1708 nec
940 1669 1106 1723 minore
1155 1681 1263 1721 opus
1311 1668 1367 1708 cst
1413 1668 1789 1722 circumspectione
1834 1668 1879 1708 in

274 1731 360 1785 ipsa
398 1732 619 1771 altitudine
656 1733 946 1783 observanda,
993 1734 1106 1786 quod
1144 1733 1410 1785 peritiiiimus
1452 1734 1632 1787 quisque
1669 1733 1880 1773 Astrono-

274 1807 371 1836 mus
419 1795 530 1836 haud
577 1795 842 1836 diffitebitur.
930 1796 1067 1836 Restat
1103 1797 1286 1849 denique
1325 1798 1532 1838 cori-cmo
1569 1797 1625 1837 ob
1661 1797 1880 1837 refractio-

275 1872 376 1900 nem
416 1859 653 1910 neccssaria,
692 1873 797 1913 quae
835 1860 891 1899 ob
930 1860 1191 1900 resruc‘iionis
1230 1862 1507 1902 variationem
1545 1875 1628 1902 non
1658 1862 1798 1901 minus
1821 1860 1879 1900 est

277 1923 462 1964 difficilis
502 1934 626 1975 atque
664 1924 835 1964 incerta.
903 1923 1198 1964 Incommodis
1237 1924 1299 1965 his
1339 1935 1385 1966 ut
1420 1927 1689 1977 mederetur,
1733 1925 1878 1966 Astro-

278 2000 439 2029 nomus
486 1986 579 2028 Cel.
618 1987 925 2028 Maximilianus
969 1987 1061 2028 Hell
1105 2002 1260 2029 novam
1313 1991 1535 2043 proposuit
1587 1991 1874 2038 methodum,

279 2064 462 2105 eamque
500 2052 541 2091 in
578 2050 904 2105 Ephcmeridibus
939 2053 1213 2099 Aslronomicis
1239 2051 1271 2091 V
1275 2053 1518 2109 lnclobonens.
1541 2057 1769 2107 (171111‘1775
1810 2052 1875 2091 lu·

280 2117 474 2157 culcnter
508 2117 720 2172 exposuit.
743 2118 807 2172 (⁴)
861 2117 1100 2158 Methodus
1125 2118 1227 2159 haec
1249 2119 1290 2159 in
1311 2132 1364 2160 co
1384 2120 1584 2174 versatur,
1626 2128 1671 2160 ut
1699 2131 1720 2157 e
1751 2113 1875 2155 Cata-

1768 2179 1875 2232 logo

379 2321 455 2368 (‘)
507 2323 737 2362 Commodum
764 2323 839 2363 inde
867 2323 1065 2372 redundans,
1091 2325 1115 2363 fi
1142 2326 1221 2366 loco
1248 2327 1419 2366 altitudinis
1445 2324 1604 2363 absolutae
1631 2320 1879 2379 differentiani-

1807 2381 1876 2409 utu-
