2007 2702
824 177 975 191 ··-····
1005 159 1161 217 (248)
1194 156 1348 190 -—

277 294 398 324 nares
438 280 510 322 vel
556 277 684 319 etiam
724 276 958 331 polyedrIci.
1045 275 1144 316 Huc
1192 285 1366 328 quoque
1408 271 1649 316 referuntur
1685 272 1884 318 Schoerli

279 346 468 388 E-lechicz·
507 343 578 384 vel
612 340 895 390 Turmalinus5
948 338 1162 381 Schoerlus
1203 337 1405 379 violaceus
1447 339 1710 379 nonnullorum
1746 351 1787 381 et
1822 341 1888 394 ii,

282 412 353 465 qui
401 407 597 460 crystallo
643 415 908 457 montanae,
959 414 1007 444 vt
1042 403 1240 444 nonnulli
1276 403 1538 452 affeverant,
1590 402 1742 446 fimiles
1782 405 1888 445 sunt.

285 474 476 529 Quidam
514 472 565 513 ad
602 471 862 512 Schoerlum
898 468 1091 510 referunt
1125 468 1254 508 etiam
1291 466 1513 517 Beryllum
1537 495 1550 517 ,
1604 478 1735 520 porro
1770 482 1891 521 crys..

281 539 396 580 stalla
433 536 641 591 quaedam
677 535 828 576 cubica
863 534 1011 574 colore
1048 543 1091 573 et
1126 532 1264 572 nitore
1291 530 1557 571 Haematitae
1594 530 1756 571 similia.
1799 533 1889 574 Alii

284 603 471 656 denique
495 600 650 641 Macles
679 599 928 645 Gallorum,
969 596 1195 638 nonnullas
1231 594 1555 636 vitrificationes
1591 595 1891 650 volcanorum‚

284 679 436 708 verum
476 663 698 707 Coi-neum
734 662 1003 704 lamellosum
1027 690 1040 712 ,
1079 660 1291 702 Granrxten
1314 688 1327 711 ,
1363 658 1526 700 Micam
1548 687 1563 712 ,
1599 657 1816 714 Talcum,
1850 669 1897 701 et

285 730 514 773 Asbestum
553 729 638 770 huc
678 740 852 782 quoque
888 726 1102 780 pertinere
1139 723 1323 765 censent.

673 841 752 893 De
782 839 1076 893 stabiliendis
1111 837 1331 891 Sehoerli
1363 839 1511 891 notis,

486 937 538 991 §rr
572 946 614 986 5.
702 936 824 992 Quae
869 949 976 977 vero
1022 936 1211 989 lapidum
1267 948 1424 987 genera
1468 935 1553 974 huc
1599 932 1814 987 pertinent
1856 942 1900 976 et

293 1015 399 1058 quae
443 1011 593 1043 contra
638 1001 906 1042 excludenda
943 999 1069 1051 sunt,
1122 1011 1177 1039 ex
1213 997 1508 1052 proponendis
1553 1011 1664 1038 nunc
1702 997 1900 1039 Sclioerli

291 1068 405 1108 notis
442 1076 485 1108 et
519 1064 847 1120 proprietatibus
886 1064 1136 1104 innotescet.
1206 1061 1289 1103 Sed
1335 1063 1418 1102 iam
1462 1062 1668 1115 exemplo
1705 1061 1902 1104 Schoerli

294 1132 539 1182 docemur,
593 1143 719 1184 quam
755 1142 905 1183 parum
943 1141 1022 1168 nos
1059 1140 1106 1167 ea
1144 1127 1310 1166 criteria
1355 1126 1534 1176 iuvant,
1588 1138 1694 1179 quae
1740 1125 1790 1167 ab
1827 1139 1914 1167 ex-n

293 1205 413 1236 terna
451 1195 574 1244 facie,
612 1194 809 1234 str-uftura
845 1203 926 1232 etc.
966 1191 1207 1239 montium,
1243 1189 1312 1229 vel
1351 1190 1573 1239 locorum,
1612 1203 1718 1243 quae
1756 1190 1903 1233 foffilia

295 1261 554 1310 continent,
605 1257 858 1308 sumuntur,
908 1254 953 1294 id
991 1254 1108 1308 quod
1150 1253 1396 1308 praesertim
1431 1267 1488 1295 ex
1523 1254 1796 1308 sequentibus
1830 1267 1907 1310 pa-

295 1322 417 1364 tebit.

496 1426 555 1469 Et
597 1425 775 1482 primo,
813 1426 930 1481 quod
977 1435 1098 1468 notas
1143 1438 1166 1467 a
1210 1424 1347 1467 forma
1383 1425 1597 1466 montium
1634 1426 1907 1468 deducendas

299 1492 475 1544 attinet,
510 1492 590 1533 hae
622 1505 674 1533 ne
705 1492 853 1532 locum
887 1492 1060 1546 quidem
1089 1491 1158 1531 hic
1196 1490 1352 1531 habere
1373 1492 1568 1544 possunt,
1604 1503 1700 1530 cum
1723 1490 1913 1532 Schoer·

300 1558 367 1604 lus
412 1569 659 1611 nuncquam
705 1565 876 1597 montes
922 1558 1112 1609 integros
1160 1555 1399 1595 constituat.
1484 1553 1720 1595 Schoerlus
1765 1554 1911 1606 itaque

299 1623 342 1663 in
381 1621 605 1662 montibus
639 1629 682 1661 et
717 1620 939 1661 altioribus
977 1629 1020 1660 et
1055 1619 1396 1672 humilioribus,
1447 1618 1492 1659 in
1537 1617 1804 1673 planioribus
1841 1616 1913 1659 vel

301 1686 577 1741 praeruptis,
613 1685 776 1726 conicis
815 1695 898 1726 etc.
937 1696 1165 1724 occurrere
1202 1683 1355 1738 potest.

505 1793 569 1846 2.)
638 1792 854 1834 Struc'tura
898 1793 1112 1833 montium
1157 1792 1199 1833 in
1246 1792 1548 1834 constituendis
1597 1790 1795 1834 Schoerli
1831 1791 1915 1833 cri-

305 1856 422 1898 teriis
459 1869 609 1911 parum
647 1857 849 1908 confert,
887 1870 985 1896 cum
1023 1856 1255 1897 Schoerlus
1294 1866 1337 1896 ct
1371 1858 1413 1897 in
1450 1858 1499 1899 iis
1522 1886 1536 1910 ,
1574 1857 1645 1911 qui
1683 1856 1813 1896 stratis
1850 1869 1916 1897 re-

305 1923 409 1975 pleti
447 1921 572 1972 sunt,
609 1931 652 1961 et
687 1922 728 1960 in
767 1922 816 1961 iis
839 1949 852 1971 ,
890 1921 931 1960 in
971 1921 1123 1974 quibus
1161 1933 1292 1961 venae
1329 1931 1582 1975 permeant,
1619 1921 1663 1962 in
1700 1920 1912 1962 solidiori-

309 1985 387 2026 bus
425 1998 560 2039 aeque
598 1998 643 2026 ac
682 1985 919 2026 cauernofis
956 1995 1038 2025 cte.
1074 1984 1252 2039 reperiri
1287 1985 1426 2039 pouit.

507 2100 572 2153 3.)
641 2100 800 2154 Neque
837 2100 887 2141 ab
924 2100 1088 2140 interna
1123 2099 1269 2142 indole
1305 2101 1432 2154 loci,
1473 2099 1546 2141 vbi
1585 2097 1814 2141 Schoerlus
1851 2105 1916 2134 re-

312 2164 473 2217 peritur
520 2174 646 2205 notae
693 2175 787 2217 apte
834 2165 1014 2205 deriuari
1066 2165 1266 2220 possunt,
1318 2180 1416 2209 nam
1451 2164 1683 2210 Schoerlus
1716 2161 1759 2200 in
1794 2159 1913 2200 rimis

314 2240 446 2283 acque
483 2242 530 2270 ac
565 2229 609 2270 in
645 2230 765 2270 venis
802 2239 883 2271 etc.
922 2229 1124 2271 occurrit.

1726 2319 1794 2374 4.)
1831 2316 1915 2362 Sed
