2007 2702
844 193 998 208 --
1032 177 1187 234 (230‘)
1220 190 1372 208 --

305 300 348 342 in
385 300 508 341 strato
543 303 727 338 externo
762 293 860 350 a),
917 295 1286 352 quemadmodum
1322 294 1365 335 in
1402 293 1686 349 superioribus
1723 293 1913 351 explica-

307 375 398 407 tum
435 363 517 416 est,
553 361 605 404 ad
641 360 909 417 superficiem
946 361 1197 402 inferiorem
1234 373 1321 401 non
1357 360 1626 414 perueniunt.
1681 360 1765 402 Sed
1804 372 1909 414 quae

306 439 472 486 partem
517 427 800 483 posteriorem
844 426 895 468 ad
938 425 1050 467 basin
1094 426 1137 466 in
1189 419 1384 466 inferiori
1437 421 1655 478 superficie
1699 431 1914 478 occupant

303 495 415 536 strati
453 492 624 534 secundi
661 491 791 533 fibrae
828 490 901 546 b),
936 492 1089 533 eadem
1115 503 1208 545 qua
1243 489 1434 543 reliquae
1472 501 1623 530 omnes
1659 488 1781 530 huius
1804 488 1914 530 strati

304 573 328 603 a
363 557 719 614 respondentibus
757 556 832 597 fibi
868 556 1055 598 externis
1092 555 1376 611 proportione
1414 553 1464 595 ab
1503 553 1586 594 illis
1630 551 1748 592 fibris
1782 554 1917 594 direc-

307 624 440 666 tionis
485 623 674 678 respetstu
720 621 957 677 differunt,
1011 634 1117 677 quae
1163 621 1205 662 in
1249 620 1375 662 strato
1410 628 1593 661 externo
1631 617 1741 660 hanc
1774 617 1917 660 sedem

307 698 460 747 tegunt
494 689 588 743 c).
1833 702 1835 704 ·

858 780 1024 837 Insertlo
1061 783 1101 824 in
1136 779 1372 836 evniueffum.

505 861 577 906 Sic
611 861 732 904 vario
767 861 899 917 igitur
920 891 934 915 ‚
985 871 1028 904 at
1063 861 1295 904 maximam
1331 868 1498 915 partem
1534 859 1713 915 oblique
1749 858 1923 902 descen·

308 928 472 983 dente,
524 927 793 970 transuersali
838 927 1085 983 propinquo
1107 956 1122 980 ‚
1175 928 1205 967 fi
1240 926 1366 968 fibras
1403 927 1592 981 regionis
1628 926 1812 967 radiatae
1848 938 1927 967 ex·

307 995 478 1049 cipias.,
529 993 689 1048 vbique
727 992 915 1034 externis
952 992 1173 1045 analogo.,
1217 992 1343 1032 due‘tu
1379 990 1510 1032 fibrae
1545 991 1656 1031 strati
1693 989 1865 1031 secundi
1901 1003 1925 1032 a

307 1059 479 1101 sedibus
516 1057 609 1099 suae
647 1058 826 1112 originis
872 1056 1014 1097 versus
1059 1056 1298 1109 marginem
1334 1055 1510 1108 primo,
1563 1054 1718 1095 deinde
1754 1068 1777 1096 a
1812 1067 1924 1096 mar-

309 1124 411 1180 gine
448 1123 592 1165 versus
628 1123 766 1164 striam
803 1121 1154 1177 progrediuntur.
1225 1118 1472 1159 Inseruntur
1514 1119 1558 1159 in
1604 1118 1740 1159 striam
1787 1127 1925 1170 totam

306 1199 353 1230 et
399 1189 443 1230 in
497 1188 734 1241 capitulum
790 1198 966 1239 quoque
1021 1186 1091 1224 seu
1141 1183 1401 1237 principium
1456 1183 1635 1224 funiculi
1689 1182 1925 1233 terminalis

307 1251 544 1294 inferioris.
648 1250 858 1304 Quamuis
917 1247 1130 1299 notabili,
1177 1258 1220 1288 ct
1264 1257 1411 1301 quarta
1464 1247 1588 1300 fere⁷
1642 1256 1764 1301 parte
1816 1246 1925 1289 haec

309 1316 431 1358 sedes
469 1314 711 1356 insertionis
747 1314 890 1354 minor
933 1312 1014 1364 fit,
1069 1325 1196 1367 quam
1233 1312 1305 1353 illa
1339 1312 1382 1351 in
1419 1311 1543 1353 strato
1580 1322 1799 1364 externo,
1856 1311 1927 1353 cui

307 1381 362 1423 ad
405 1380 544 1421 striam
589 1388 704 1420 totus
753 1389 929 1432 quoque
976 1374 1199 1417 fasciculus
1246 1375 1479 1417 terminalis
1527 1376 1711 1417 inferior
1745 1375 1925 1417 accede·

309 1443 419 1493 bat3
473 1443 657 1485 totidem
693 1451 834 1484 tamen
856 1470 870 1494 ‚
923 1441 1061 1482 immo
1096 1439 1271 1494 plures,
1309 1439 1421 1480 facili
1458 1440 1639 1493 negotio
1677 1439 1728 1479 ab
1765 1440 1926 1481 eodem

309 1507 491 1563 originis
530 1507 692 1550 ambitu
729 1515 848 1548 ortae
885 1505 1016 1547 fibrae
1053 1505 1096 1545 in
1133 1517 1228 1546 eam
1262 1502 1520 1544 inseruntur.
1596 1503 1746 1544 Fibrae
1784 1514 1928 1546 exter-

309 1587 388 1616 nae
411 1603 423 1626 ,
478 1573 689 1628 imprimis
735 1572 856 1627 prior
891 1583 1036 1612 earum
1081 1582 1210 1624 pam,
1262 1581 1284 1610 a
1317 1567 1401 1609 filis
1439 1566 1725 1621 cartilagineis
1760 1566 1927 1609 finistris

309 1638 512 1691 suborta,
551 1647 594 1679 et
631 1650 737 1692 quae
775 1636 861 1691 ipsa
896 1634 1138 1676 insertionis
1174 1633 1317 1674 sedem
1355 1640 1490 1674 totam
1529 1640 1835 1686 occupauerat,
1871 1631 1930 1674 ita

311 1703 494 1756 oblique
518 1701 848 1753 descendebant⁷
868 1709 915 1742 vt
948 1699 1250 1754 longitudinali
1289 1698 1430 1739 duetui
1467 1697 1608 1738 multo
1631 1709 1758 1750 quam
1795 1705 1933 1738 trans-

309 1767 462 1808 versali
497 1767 628 1807 essent
661 1767 890 1820 propiores
926 1765 1008 1818 d).
1086 1764 1145 1804 Et
1183 1776 1288 1818 quae
1325 1763 1368 1803 in
1404 1762 1543 1803 striam
1580 1761 1618 1802 se
1655 1759 1930 1813 inserebant,

309 1844 333 1874 a
380 1831 457 1872 filo
504 1841 625 1872 ortae
670 1830 946 1883 cartilaginea
992 1828 1250 1882 posteriori,
1302 1828 1409 1869 adeo
1454 1826 1636 1881 oblique
1673 1835 1716 1866 et
1760 1824 1927 1880 angulis

312 1896 424 1938 adeo
461 1896 594 1937 acutis
631 1908 726 1937 eam
762 1893 1147 1948 ingrediebantur,
1182 1901 1228 1933 vt
1262 1892 1447 1947 singulae
1484 1890 1644 1943 fibrae,
1680 1890 1928 1932 extremita-

313 1961 428 2001 tibus
464 1960 642 2002 insertae
679 1958 886 2014 dispersis,
924 1957 1058 2012 dnplo
1090 1957 1178 1998 fere
1215 1957 1424 1997 maiorem
1463 1957 1554 1996 eius
1593 1965 1758 2010 partem
1795 1964 1926 1995 occu·

310 2035 494 2083 parent,
532 2038 658 2081 quam
693 2024 722 2066 fi
757 2025 867 2066 reeta
903 2024 945 2064 in
982 2035 1073 2063 eam
1096 2050 1111 2076 ,
1161 2031 1232 2063 aut
1274 2022 1415 2063 dudini
1462 2019 1705 2062 transuerso
1748 2016 1927 2075 propio·

1814 2092 1883 2119 res
1906 2107 1922 2131 ‚

314 2167 1916 2191 ffi—-ffl-m

389 2229 426 2274 a)
455 2230 542 2264 Tab.
570 2229 627 2265 IV.
657 2240 706 2272 73.
737 2234 785 2276 85.

389 2278 428 2324 b)
457 2280 543 2313 Tab.
572 2279 632 2314 1X.
661 2293 692 2327 p.
721 2292 752 2328 q.
779 2279 801 2315 l.
830 2291 878 2316 m.

386 2329 426 2374 c)
456 2328 542 2362 Tab.
570 2331 624 2365 VI.
655 2342 687 2374 9.
717 2341 772 2374 49.
803 2341 857 2375 39.

331 2421 334 2424 Α
389 2378 434 2430 d)
461 2378 549 2416 Tab.
577 2378 638 2416 VI.
667 2381 719 2415 62.
745 2390 795 2424 37.
