2007 2702
709 225 1234 284 -····(187)···-·

173 338 374 395 i'demqu'e
408 337 611 382 sentiebat
645 336 794 382 Celeb.
830 333 1045 391 Lambert,
1090 339 1278 393 ideoque
1313 336 1571 393 principium
1607 334 1768 379 Danie-

170 402 222 446 lis
259 404 482 446 Bernoulli
536 405 763 459 nequidem
798 405 1049 446 indirectum
1090 404 1283 445 vocabat.
1370 403 1427 445 V.
1464 404 1647 444 litteram
1683 402 1764 444 IV.

170 468 220 508 ad
268 467 474 509 Karstium
518 467 561 509 in
607 469 741 509 Tom.
778 469 857 511 IV.
901 468 1010 511 ssa.
1051 480 1091 508 2.
1137 467 1389 509 commercii
1428 466 1625 510 litterarii
1674 467 1766 521 post

170 542 356 573 mortem
393 533 481 574 eius
519 546 540 573 a
575 531 700 575 fratre
736 546 834 575 meo
871 533 988 574 editi.

361 627 398 680 ς.
436 640 477 676 3.
547 627 873 670 confideremus
909 630 1052 681 itaque
1088 626 1240 666 tubum
1278 639 1578 681 quemcunque
1604 625 1864 685 AMDTab.
1893 649 1934 687 V·

167 691 278 732 circa
321 704 443 733 axem
487 690 620 733 fixum
659 691 751 748 CE
797 693 839 732 in
884 691 997 733 sensu
1044 690 1149 731 ΑΗ
1195 701 1451 743 gyrantem,
1505 701 1761 746 motumque
1798 702 1863 747 Fig.
1889 711 1916 741 3-

166 764 258 795 tum
303 755 428 808 tubi,
480 765 568 795 tum
605 769 736 810 aquae
774 756 923 798 tubum
960 755 1243 796 transfluentis
1279 756 1361 795 iam
1399 755 1449 796 ad
1486 755 1630 795 statum
1668 755 1762 795 vni-

165 817 392 860 formitatis
444 820 677 872 peruenisse
731 832 954 873 ponamus.
1051 818 1250 859 Vocetur
1303 819 1494 859 celeritas
1548 820 1762 872 gyratoria

164 884 306 937 pund'ti
342 883 476 924 infimi
513 882 711 932 D:u‚
746 881 925 936 eiusque
963 882 1148 922 distantia
1185 881 1234 922 ab
1271 894 1348 922 axe
1385 877 1485 922 DE
1508 883 1646 934 Σὺ,
1681 883 1763 924 erit

165 946 357 987 celeritas
393 946 535 999 puncti
571 948 612 986 A
634 947 791 1006 :⁶17¹ss
826 947 854 986 fi
891 946 1075 986 distantia
1095 945 1183 985 eius
1207 944 1248 985 A
1271 943 1531 987 Cfiatzc.
1601 947 1761 988 Effiuat

163 1034 268 1063 vero
323 1033 429 1073 aqua
471 1021 513 1060 in
555 1019 598 1061 D
633 1021 862 1061 velocitate
914 1019 1087 1059 relatiua
1125 1033 1268 1071 zv,
1322 1022 1466 1075 ibique
1519 1021 1757 1074 amplitudo

164 1082 325 1140 ΞΗ,
362 1084 389 1124 fi
425 1085 573 1125 eadem
609 1085 657 1124 fit
692 1097 830 1125 :ee
862 1084 905 1123 in
942 1084 1001 1134 A,
1037 1084 1117 1124 erit
1150 1085 1207 1125 ibi
1247 1085 1437 1126 celeritas
1463 1079 1639 1150 ΞῘΞΤἯ,
1677 1100 1759 1140 qua

164 1173 271 1211 aqua
315 1172 390 1212 per
434 1159 582 1200 tubum
629 1169 840 1201 mouetur.
926 1158 1063 1200 Porro
1105 1159 1155 1199 fit
1199 1159 1380 1200 altitudo
1417 1162 1629 1210 verticalis
1665 1161 1756 1202 tubi

164 1235 302 1273 za,
356 1223 531 1275 angulus
571 1237 695 1277 quem
732 1224 975 1264 extremitas
1014 1222 1054 1263 D
1092 1237 1189 1264 cum
1225 1223 1309 1277 ipsa
1346 1225 1577 1266 directione
1614 1235 1757 1266 motus

162 1287 368 1340 gyratorii
405 1287 631 1338 constituit⁷
667 1287 750 1328 fiue
786 1288 895 1329 MD
918 1288 1013 1328 1:
1036 1302 1092 1337 oe„
1130 1288 1330 1341 idemque
1366 1303 1444 1342 pro
1480 1290 1580 1330 loco
1618 1290 1759 1344 supre-

161 1363 237 1391 mo
274 1350 322 1390 M
346 1350 383 1391 A
409 1350 446 1390 H
470 1365 529 1390 Ξ
552 1366 580 1391 ε.
648 1352 802 1392 Tubus
841 1353 1021 1392 rotando
1058 1352 1200 1394 eleuet
1235 1352 1402 1405 pondus
1429 1354 1477 1404 F,
1515 1354 1634 1394 cuius
1661 1368 1756 1395 mo-
1795 1367 1801 1373 ’

163 1424 354 1455 mentum
391 1414 570 1466 :Fh‚
609 1415 795 1469 ideoque
832 1416 1023 1456 celeritas
1063 1429 1143 1468 qua
1178 1415 1386 1456 attollitur
1424 1411 1580 1480 :hg-,-
1637 1419 1756 1459 deni-

161 1502 243 1544 que
276 1489 324 1529 fit
357 1501 385 1541 g
406 1503 466 1528 Ξ
501 1489 634 1543 spatio
671 1491 783 1543 lapsu
820 1490 1011 1544 grauium
1037 1489 1173 1530 libero
1197 1499 1392 1544 tempore
1419 1488 1477 1529 1²²
1496 1492 1720 1548 descripto.

351 1592 388 1644 ᾗ.
424 1608 466 1643 4.
534 1592 612 1634 His
648 1594 789 1648 pofitis
828 1603 1000 1650 apparet
1025 1590 1296 1650 tempusculo
1318 1594 1603 1651 Dtguttulam
1623 1611 1755 1653 aque-

161 1668 226 1697 am
264 1653 512 1710 :ffvbs
547 1657 654 1698 infra
689 1673 743 1700 ex
781 1656 883 1701 tubo
920 1659 1172 1712 egreffuram
1209 1660 1324 1710 fore,
1374 1671 1415 1701 et
1451 1663 1670 1716 aequalem
1709 1663 1750 1703 in

160 1729 277 1774 parte
323 1719 526 1773 superiori
564 1721 808 1764 succedere:
859 1735 902 1764 et
937 1737 1033 1764 cum
1072 1734 1210 1764 totum
1247 1725 1416 1776 systema
1454 1727 1534 1777 iam
1572 1728 1620 1767 ad
1658 1727 1750 1767 vni-

160 1783 418 1824 formitatem
456 1786 686 1838 peruenisse
723 1788 952 1838 censeatur,
989 1789 1237 1829 considerari
1276 1790 1426 1842 potest,
1464 1805 1509 1831 ac
1544 1782 1571 1831 si
1609 1792 1748 1831 omnis

158 1861 264 1900 aqua
299 1849 459 1900 reliqua
495 1850 539 1899 in¹
572 1850 671 1891 statu
708 1851 779 1892 suo
817 1853 1127 1905 permansisset,
1167 1852 1335 1907 solaque
1374 1856 1538 1907 guttula
1564 1852 1748 1909 ssvbt

156 1924 231 1965 per
267 1911 531 1953 altitudinem
570 1927 675 1954 :a
711 1915 872 1970 delapsa
908 1916 1059 1967 fuisset,
1097 1917 1442 1970 celeritatemque
1480 1919 1625 1959 debito
1657 1931 1749 1958 mo-

158 1976 215 2015 do
252 1976 526 2027 immutasset7
563 1980 731 2032 pondus
768 1982 800 2023 F
835 1991 975 2022 autem
1014 1995 1087 2034 per
1123 1981 1346 2034 spatiolum
1386 1976 1564 2020 ΖΜΝ
1605 1982 1746 2023 ascen-

156 2050 286 2090 differ.
354 2049 416 2090 At
461 2053 597 2105 quoad
634 2055 891 2098 celeritatem
928 2069 1058 2108 aquae
1097 2057 1136 2096 in
1174 2056 1215 2097 A
1252 2057 1516 2099 subintrantis
1555 2059 1641 2098 duo
1678 2072 1745 2099 ca-

153 2112 218 2154 sus
256 2114 543 2156 confiderandi
577 2118 764 2162 veniunt.
831 2119 970 2161 Potest
1006 2121 1119 2160 enim
1156 2134 1259 2174 aqua
1289 2123 1547 2163 extrinsecus
1568 2122 1742 2163 affluens

155 2177 236 2218 iam
274 2179 581 2222 ea‘velocitate
618 2181 825 2235 gaudere,
863 2198 942 2239 qua
979 2197 1055 2239 per
1091 2186 1257 2226 initium
1295 2186 1381 2226 tubi
1419 2187 1460 2227 in
1497 2187 1538 2227 A
1574 2187 1742 2228 moueri

1661 2252 1706 2269 CT!

157 2239 299 2293 debet3
335 2241 493 2285 scilicet
527 2246 752 2288 velocitate
787 2249 981 2289 influenti
1017 2243 1200 2300 ΞῘ-ῙὋ,
1254 2260 1297 2291 et
1331 2252 1543 2305 gyratoria
1581 2265 1741 2312 :T3

1109 2296 1154 2314 Pe

160 2315 229 2369 qui
265 2317 320 2360 est
354 2318 484 2376 casus»,
520 2334 648 2377 quem
682 2321 863 2366 Eulerus
900 2325 941 2364 in
971 2323 1281 2369 Dissertationes
1303 2326 1370 2370 sua
1406 2329 1609 2378 tractauit,
1649 2340 1742 2365 mo-

889 2388 973 2430 Aa
1011 2401 1035 2427 2
1617 2392 1739 2430 dum-
