2007 2702
692 187 844 201 --
877 170 1030 228 (275⁴)
1064 188 1216 202 --

353 286 498 330 senfim
535 284 800 340 sensimque,
850 284 878 325 fi
914 283 1127 326 musculos
1163 284 1308 326 senfim
1345 285 1539 328 distrahas
1561 316 1574 340 ,
1611 290 1750 330 conti-

352 365 467 402 nua,
520 350 684 403 aequali
729 348 945 403 superficie
983 351 1195 402 praedita,
1241 349 1456 392 substantia
1493 351 1660 393 striatim
1697 355 1749 396 ad

348 414 569 455 interualla
605 414 819 465 eleuetur,
854 413 913 453 vti
949 411 1305 464 semicylindricas
1342 416 1482 468 primo
1508 415 1748 471 columnas,

349 478 501 519 deinde
539 478 754 528 cylindros
789 477 982 530 integros
1019 478 1260 531 producat,
1297 479 1391 530 vti,
1445 480 1643 522 musculis
1680 495 1747 523 re-

347 542 473 582 mtffis
518 541 694 592 senfim,
747 540 892 581 sensim
936 542 979 581 in
1024 542 1269 582 continuam
1305 550 1348 581 et
1389 544 1608 596 aequalem
1654 545 1748 586 sub-

345 605 532 647 stantiam
568 614 721 645 coeant
755 605 917 646 rursum
954 605 1058 644 haec
1094 604 1164 645 fila
1187 634 1197 654 ‚
1234 605 1478 647 extensione
1515 610 1747 661 produd‘ta,

348 681 453 723 quae
500 677 644 709 natura
689 666 870 708 formata
913 667 1072 707 credita
1117 667 1318 709 cellulosa
1352 668 1583 723 dicuntur,
1637 686 1746 727 quo-

344 745 525 784 rumque
561 730 775 774 interstitia
819 730 944 771 cellas
980 743 1201 771 vocamus.

213 827 255 870 d.
290 826 328 868 d.
398 826 619 867 Interstitia
655 824 985 875 columnarum,
1032 837 1214 879 quorum
1249 824 1488 880 superficies
1523 828 1566 868 in
1600 828 1744 884 super-

341 890 457 931 ficies
495 891 789 932 columnarum
827 890 1091 932 continuant.

213 996 246 1028 e.
282 996 316 1026 e.
352 996 385 1025 e.
456 982 672 1027 Cellulosa
707 983 973 1024 interstitium
1010 984 1204 1038 replens,
1248 984 1320 1027 vbi
1356 985 1439 1027 iam
1473 986 1625 1042 incipit
1659 987 1746 1031 dis-

340 1049 540 1092 tratstione
578 1046 866 1091 musculorum
903 1048 945 1091 in
983 1048 1051 1091 fila
1086 1049 1274 1091 extendi.

202 1142 242 1201 f.
312 1142 527 1186 Cellulosa
573 1143 835 1184 interstitium
872 1144 1057 1197 replens.
1126 1144 1173 1186 In
1221 1146 1298 1187 hac
1336 1155 1453 1200 parte
1489 1159 1585 1188 cum
1623 1160 1740 1191 mus-

338 1208 459 1249 culos
482 1207 776 1258 distraherem,
813 1221 882 1248 aer
913 1220 1010 1247 cum
1045 1208 1207 1261 impetu
1245 1221 1287 1250 et
1322 1223 1419 1250 cum
1455 1211 1625 1264 strepitu
1663 1213 1740 1253 uli-

341 1285 459 1326 quo,
494 1271 553 1311 vti
590 1272 840 1321 videbatur,
885 1270 924 1312 in
964 1270 1209 1312 cellulosam
1246 1273 1430 1326 irrupit,
1473 1275 1739 1317 innumeras-

340 1348 420 1388 que
468 1346 690 1376 momento
736 1334 933 1374 veficulas
978 1334 1112 1373 variae
1166 1336 1466 1388 magnitudinis
1516 1340 1736 1390 produxit.

334 1397 422 1440 Vbi
466 1400 598 1451 magis
645 1396 857 1439 musculos
904 1397 1214 1448 distrahebam,
1267 1412 1334 1439 aer
1386 1398 1457 1439 sub
1514 1401 1735 1443 columnas

332 1461 388 1512 (c.
426 1467 489 1508 c.)
533 1461 660 1509 ilico,
714 1459 904 1501 veficulis
943 1474 1121 1502 numero
1158 1462 1311 1513 auc‘tis,
1366 1465 1647 1516 penetrabat,
1689 1475 1734 1507 to

332 1532 511 1575 tumque
557 1524 726 1564 tandem
770 1524 1035 1564 interstitium
1080 1525 1284 1578 replebat.
1353 1526 1560 1582 Idemque
1598 1530 1737 1583 phoe-

331 1599 551 1627 nomenon
588 1587 737 1640 saepe,
774 1588 873 1628 dum
911 1589 1022 1630 varie
1060 1588 1261 1631 cellulola
1298 1592 1516 1643 tracitatur,
1562 1594 1731 1635 accidit,

331 1648 403 1690 Ex
421 1651 612 1691 veficulis
650 1651 732 1692 illis
768 1652 959 1694 lamellae
986 1652 1232 1704 cellulosae,
1272 1668 1376 1709 quae
1406 1667 1733 1711 nonnunquam,

332 1713 401 1753 sed
458 1716 586 1755 rarius
635 1716 840 1770 quidem,
892 1727 934 1757 et
980 1719 1052 1758 vix
1098 1717 1169 1758 nifi
1213 1718 1255 1759 in
1301 1720 1488 1773 partibus
1535 1720 1730 1774 ficcatis,

332 1791 507 1831 quarum
547 1778 742 1820 cellulosa
778 1792 872 1821 aere
908 1791 1002 1822 ante
1040 1782 1178 1822 inflata
1217 1782 1319 1833 fuit,
1357 1784 1527 1837 quando
1565 1795 1728 1837 partes,

331 1851 376 1881 vt
411 1841 589 1882 interior
624 1843 814 1886 strtustura
850 1855 1079 1898 appareat,
1117 1846 1398 1897 dissecantur,
1441 1858 1511 1887 aut
1545 1848 1730 1888 laceran-

331 1912 422 1956 tur,
458 1907 499 1946 in
537 1906 802 1960 conspectum
839 1910 1029 1950 veniunt.
1098 1909 1144 1949 In
1183 1909 1369 1962 partibus
1405 1923 1552 1951 recens
1583 1912 1729 1953 diffec-

331 1968 382 2008 tis
431 1971 545 2016 quod
593 1972 814 2013 cellulofae
862 1974 1003 2025 telae,
1054 1980 1124 2012 aut
1167 1973 1256 2012 eim,
1293 1973 1458 2024 simile,
1511 1976 1725 2028 occurrit,

330 2031 413 2073 filis
452 2033 537 2076 fere
573 2034 669 2077 solis
698 2049 935 2092 eorumque
955 2037 1078 2078 variis
1117 2036 1344 2079 interstitiis
1381 2038 1566 2081 constare
1602 2041 1724 2082 solet.

866 2316 1041 2359 Mmz
1589 2305 1722 2361 ΜΕὲ
