2007 2702
299 220 361 272 64
828 210 1371 259 HISTOIRE.

911 328 1054 384 Hepar
1087 324 1309 383 sulphuris.

495 407 530 462 ς.
572 419 644 457 24.
712 402 884 456 Solutio
937 404 1123 460 hepatisv
1155 402 1370 457 sulphuris
1423 400 1661 444 carbonum
1695 415 1779 457 ope
1816 415 1905 445 non

302 473 437 517 modo
473 472 620 514 colore
656 468 729 511 suo
767 471 879 512 flauo
915 480 957 512 et
994 466 1239 516 odore-,sed
1274 467 1471 520 sulphure
1512 479 1685 523 quoque
1722 467 1796 509 suo
1819 469 1907 522 pri-

300 550 423 580 vatur
456 539 538 589 ita,
577 546 621 575 vt
656 535 819 576 adiesto
854 535 995 590 postea
1035 531 1232 588 quolibet
1267 532 1416 585 acido,
1454 544 1531 572 nec
1568 533 1792 573 consuetus
1832 533 1908 574 he-

300 605 407 660 patis
445 600 654 655 sulphuris
691 601 819 651 odor,
855 613 932 641 nec
970 596 1264 654 praecipitatio
1301 597 1385 638 vlla
1413 595 1710 649 subsequatur3
1745 597 1787 636 in
1808 597 1910 638 lixi-

300 668 374 708 vio
411 677 553 708 autem
590 666 826 719 percipitur
862 674 1037 706 tartarus
1074 660 1333 703 vitriolatus.
1418 660 1489 701 Ex
1536 661 1690 714 quibus
1728 663 1908 703 conclu-

303 733 403 773 dere
440 731 559 780 licet‚
596 729 773 783 sulphur
807 729 848 768 in
887 728 1100 769 menstruo
1138 724 1321 766 alcalino
1360 724 1545 765 solutum
1569 724 1798 766 auxiliante
1819 732 1910 768 car-

301 795 466 838 bonum
503 795 685 850 puluere'
715 794 915 847 principii
943 793 1001 833 sui
1027 788 1271 845 phlogistici
1290 790 1488 830 iassuram
1508 788 1595 844 pati
1616 798 1659 830 et
1680 788 1847 831 destrui.

496 889 691 931 Similem
743 887 913 943 prorsus
967 887 1164 928 effefium
1219 885 1424 926 carbones
1461 885 1501 925 in
1541 881 1768 927 scoriarum
1806 885 1915 928 anti·

299 956 435 998 monii
475 955 735 995 solutionem
772 954 920 1005 edunt,
957 964 980 992 e
1019 963 1100 1004 qua
1135 949 1311 1004 sulphur
1346 949 1913 1006 antimoniipraecipitatio·

298 1033 351 1062 ne
388 1019 543 1062 confici
580 1018 701 1059 mlet.

868 1105 1082 1149 Balsamus
1120 1102 1345 1160 sulphuris.

495 1186 530 1240 ξ.
573 1196 643 1235 25.
712 1184 891 1227 Balsami
918 1182 1128 1238 sulphuris
1155 1196 1251 1224 cum
1276 1183 1376 1223 oleo
1400 1183 1602 1226 aerbereo
1620 1184 1751 1240 parati
1772 1184 1811 1226 in
1834 1183 1916 1241 spi·

301 1252 384 1295 ritu
405 1251 490 1292 vini
516 1250 852 1292 rec‘ificatiffirro
876 1249 902 1290 Γ(
923 1249 1077 1290 lutioni
1099 1248 1333 1290 carbonum
1357 1248 1499 1302 puluis
1520 1249 1547 1289 fi
1583 1251 1770 1301 additur,
1811 1264 1914 1305 pro-

302 1318 418 1372 prius
474 1317 748 1369 ingratusque
801 1316 939 1356 balsan
961 1315 974 1354 ἰ
1024 1314 1233 1368 sulphuris
1282 1314 1392 1355 odor
1439 1314 1705 1368 extinguitur
1740 1316 1880 1357 omnis
1900 1343 1916 1370 ,

304 1395 382 1423 nec
405 1381 476 1423 nifi
499 1381 584 1422 olei
604 1380 808 1435 aetherei,
831 1379 1020 1436 sulphuri
1043 1379 1251 1421 ioluendo
1270 1378 1464 1435 impensi,
1484 1380 1594 1421 odor
1612 1380 1864 1436 percipitur.

1046 1473 1108 1517 Sa
1140 1487 1175 1517 0.

498 1541 534 1596 ᾗ.
576 1543 647 1582 26.
715 1541 762 1582 in
802 1540 1058 1582 solutionem
1098 1482 1262 1595 {iiponis
1301 1549 1385 1580 tam
1422 1539 1641 1596 aquosam,
1677 1554 1803 1597 quam
1834 1541 1917 1597 spi·

302 1606 505 1648 rituosam
542 1607 749 1648 carbones
786 1606 952 1648 nullum
990 1608 1125 1648 edunt
1161 1605 1373 1647 effecium.

984 1709 1230 1765 Camphora.

498 1775 533 1828 ᾗ.
574 1789 644 1827 27.
714 1774 960 1830 Camphora
1013 1790 1097 1816 non
1151 1777 1322 1816 rafinata
1366 1774 1510 1828 spiritu
1546 1775 1633 1815 vini
1671 1775 1806 1816 soluta
1842 1788 1919 1816 co-

304 1838 397 1881 lore
433 1838 546 1880 flauo
583 1841 706 1894 piane
743 1841 932 1894 priuatur
968 1839 1182 1880 mediante
1219 1840 1452 1879 carbonum
1489 1839 1694 1895 puluere5
1730 1841 1774 1882 in
1811 1843 1922 1883 odo·

305 1918 395 1948 rem
432 1917 536 1946 vero
574 1906 832 1960 camphorae
869 1902 1104 1946 carbonum
1141 1904 1203 1945 vis
1242 1903 1298 1944 est
1335 1904 1462 1946 nulla.

821 2006 1076 2062 camphorae
1112 2004 1393 2061 cristallisatio.

502 2085 538 2140 ᾖ.
579 2095 650 2131 28.
706 2084 920 2127 Solutioni
959 2086 1158 2127 saturatae
1182 2085 1439 2139 camphorae
1461 2085 1500 2126 in
1524 2084 1666 2140 spiritu
1688 2084 1774 2124 vini
1798 2082 1918 2125 redii·

308 2147 543 2191 ficatisfimo
588 2150 614 2191 fi
653 2151 886 2192 carbonum
926 2151 1066 2205 puluis
1104 2151 1303 2199 additur5
1367 2151 1597 2205 camphora
1633 2149 1674 2190 in
1712 2149 1914 2192 cristallos

308 2213 543 2254 concrescit
577 2215 690 2256 albas
727 2216 957 2270 plumosa5,
997 2229 1103 2269 quae
1134 2230 1214 2271 pro
1236 2217 1489 2273 tempestatis
1509 2215 1788 2257 vicissitudine
1811 2227 1916 2258 mox

307 2276 531 2322 soluuntur
565 2291 671 2322 mox
707 2281 850 2325 denuo
886 2281 1138 2324 formantur.

1820 2380 1917 2424 Cri·
