2007 2702
45 1928 129 1965 Tab.
145 1929 235 1965 V111.

78 1981 146 2026 Fig.
179 1993 210 2017 1.

790 182 944 197 ·····-
978 165 1133 223 (302)
1166 182 1320 198 --

250 291 318 332 vis
353 291 524 341 tempore
557 283 701 327 lineam
737 283 999 325 meridianam
1033 284 1212 325 invenire
1246 281 1370 339 poffis
1393 310 1407 336 ‚
1450 294 1556 326 mox
1592 285 1765 341 quidem
1802 292 1861 329 ta-

250 356 305 396 lis
327 353 407 395 sese
429 350 537 392 mihi
573 349 733 391 obtulit
767 348 1026 398 methodu53
1063 351 1214 390 eadem
1251 359 1392 390 autem
1428 348 1725 397 adcalculum
1762 365 1860 406 per-

254 419 378 460 duxit
422 427 509 459 tam
555 415 776 471 prolixum
813 426 859 455 ac
896 412 985 461 fere
1021 413 1234 455 tediosum
1256 443 1269 466 ,
1323 423 1370 454 ut
1404 425 1427 453 e
1466 413 1652 466 generali
1682 414 1861 457 Proble-

253 483 377 524 matis
405 482 532 523 huius
555 479 770 521 solutione
806 477 920 519 haud
958 477 1144 519 multum
1180 478 1289 520 lucri
1319 477 1367 518 fit
1401 476 1668 532 sperandum.
1714 477 1860 532 Quum

253 558 399 589 tamen
445 545 604 588 casibus
648 542 969 599 specialioribus
1015 542 1172 584 solutio
1216 542 1390 583 resultet
1425 542 1565 582 multo
1600 540 1862 596 fimplicior‚

256 625 393 668 quum
436 621 655 666 praeterea
701 609 807 650 haec
853 606 1091 662 disquisitio
1143 607 1201 648 ob
1237 607 1336 648 alias
1372 607 1558 648 rationes
1595 614 1745 647 notatu
1780 618 1867 647 non

253 678 451 720 videatur
485 675 694 728 indigna,
729 682 772 713 et
794 701 807 723 ,
859 672 889 712 fi
925 672 1018 726 quis
1056 671 1270 713 calculum
1306 671 1526 725 prolixum
1564 683 1650 711 non
1687 669 1868 723 timeat,

255 743 313 784 ob
351 742 530 782 modum
578 736 828 779 observandi
871 736 1219 788 fimpliciffimum
1265 747 1593 789 nonnumquam
1634 733 1748 776 utilis
1785 735 1866 777 effe

256 807 415 863 poffit,
451 804 628 859 publico
664 800 851 841 examini
887 812 981 840 eam
1020 798 1223 840 subiicere
1261 800 1396 851 ausus
1418 801 1523 840 sum.

452 899 489 954 ᾗ.
532 912 572 938 2.
640 895 871 938 Problema
893 925 906 948 ,
945 896 996 937 de
1036 910 1122 950 quo
1160 896 1231 938 hic
1267 896 1435 950 agitur,
1471 897 1526 938 fic
1562 896 1698 951 potest
1733 909 1868 938 enun-

259 966 391 1009 ciari:
431 963 670 1020 Obser-vatis
705 961 806 1003 binis
841 959 1074 1017 dff’renliis
1110 961 1343 1013 angulorum
1387 960 1689 1002 azimuthalizmz
1725 970 1762 1002 et
1795 959 1869 1001 ho-

257 1033 457 1073 rariorum
479 1059 492 1081 ,
536 1029 712 1070 invenire
746 1026 869 1080 ipsum
903 1024 1095 1066 Azlmuth
1131 1025 1197 1066 vel
1247 1025 1434 1078 angulum
1469 1023 1688 1066 horarium.
1758 1025 1869 1079 Sup-

256 1097 434 1153 ponitur
468 1095 613 1148 itaque
637 1122 650 1145 ,
702 1092 884 1132 eandem
920 1089 1078 1130 stellam
1125 1099 1190 1130 ter
1233 1089 1350 1129 fuiss'e
1388 1089 1686 1140 observatam,
1739 1099 1867 1142 atque

259 1175 356 1203 cum
396 1159 576 1214 angulos
614 1155 894 1198 azimuthales
933 1165 1023 1195 tum
1061 1163 1255 1207 tempora
1301 1156 1412 1194 inter
1451 1153 1568 1195 binas
1607 1153 1871 1195 observatio-

257 1236 331 1267 nes
370 1223 506 1277 elapl'a
551 1221 674 1262 fimul
720 1219 836 1259 fuisse
883 1226 1059 1264 notata3
1119 1218 1233 1271 quod
1275 1219 1448 1272 quidem
1486 1219 1601 1273 prius
1639 1232 1723 1272 ope
1759 1219 1869 1258 duo-

257 1303 354 1331 rum
389 1287 564 1328 filorum
591 1315 604 1338 ,
641 1284 810 1326 alterius
849 1281 924 1322 fixi
948 1311 961 1332 ,
998 1281 1168 1322 alterius
1207 1282 1405 1332 mobilis7
1443 1282 1537 1324 satis
1575 1285 1719 1325 exacte
1756 1281 1868 1323 effici

256 1353 430 1409 potest,
491 1349 731 1390 dummodo
778 1346 900 1387 filum
948 1344 1110 1385 mobile
1156 1346 1265 1386 circa
1312 1345 1431 1386 filum
1477 1347 1612 1387 fixum
1667 1357 1870 1401 tanquam

257 1430 384 1460 axem
431 1423 656 1456 moveatur
699 1414 740 1452 in
788 1409 1010 1465 superficie
1048 1409 1231 1460 cylindri
1266 1409 1477 1450 verticalis
1505 1439 1518 1461 ,
1573 1413 1691 1451 cuius
1727 1412 1869 1451 radius

259 1483 351 1524 satis
391 1493 586 1534 magnus.
654 1477 784 1518 Initio
821 1476 954 1516 statim
994 1474 1148 1515 notasse
1184 1473 1377 1525 iuvabit,
1429 1486 1516 1513 non
1553 1473 1688 1514 solum
1725 1474 1870 1515 sideris

261 1546 624 1594 declinationem,
661 1554 812 1583 verum
849 1540 975 1581 etiam
1014 1540 1140 1580 binos
1169 1539 1348 1592 angulos
1386 1537 1666 1578 azimuthales
1685 1538 1755 1578 vel
1791 1539 1873 1579 ho-

260 1613 394 1654 rarios
440 1609 489 1651 ab
537 1608 713 1649 arbitrio
761 1605 904 1646 nostro
948 1604 1171 1659 pendere,
1226 1604 1338 1644 unde
1384 1602 1478 1643 istae
1526 1602 1780 1655 quantitates
1816 1603 1874 1644 ita

262 1676 454 1731 poterint
491 1672 791 1723 determinari,
828 1680 873 1710 ut
903 1667 1113 1710 formulae
1136 1668 1365 1709 reddantur
1398 1666 1697 1720 simpliciores,
1724 1679 1874 1722 quem-

263 1741 499 1782 admodum
544 1736 652 1778 infra
697 1733 955 1777 videbimus.
1060 1732 1202 1788 Ipsum
1254 1734 1399 1787 itaque
1443 1731 1672 1773 Problema
1725 1731 1876 1787 aggre-

264 1806 446 1847 diamur.

464 1898 501 1953 ᾗ.
559 1910 601 1948 3.
685 1896 922 1937 Moveatur
966 1894 1082 1936 stella
1126 1894 1167 1934 in
1211 1893 1422 1936 Par-alicio
1478 1891 1685 1945 ACM‚
1737 1892 1873 1947 fitque

269 1976 332 2008 ter
368 1964 586 2007 observata
622 1962 662 2002 in
702 1961 770 2013 Α,
807 1961 867 2011 Β,
906 1958 966 2009 C3
1006 1958 1163 2000 chith
1199 1958 1246 1998 fit
1281 1960 1323 2000 in
1360 1958 1421 2012 Ζ,
1457 1959 1584 2014 polus
1622 1959 1663 1998 in
1701 1956 1759 2009 Ρ,
1796 1969 1874 1997 un-

270 2033 322 2072 de
359 2045 414 2071 cx
450 2027 815 2070 observationibus
853 2024 1026 2066 filorum
1064 2023 1336 2064 innotescunt
1370 2025 1510 2078 anguli
1555 2023 1597 2064 A
1619 2020 1708 2063 ZB
1732 2034 1871 2074 -τ-μ,

270 2095 369 2137 ΑΖ
393 2093 572 2144 Cra,
610 2103 653 2133 ct
687 2105 709 2132 c
748 2091 1016 2144 temporibus
1054 2088 1284 2143 interlapsis
1323 2090 1464 2143 anguli
1503 2088 1632 2130 APB
1655 2100 1784 2134 zoe,
1828 2092 1872 2121 ct

272 2159 574 2214 APC:(3.
662 2156 804 2196 Posito
850 2157 931 2195 iam
970 2154 1201 2205 I’Z:s‚
1254 2143 1871 2197 PA:PB:PC:‹L

271 2226 313 2267 A
342 2225 372 2265 P
407 2225 458 2264 M
488 2239 547 2263 Ξ
575 2218 650 2275 Φ,
703 2222 744 2263 Α
774 2219 810 2261 Ζ
839 2220 889 2265 M
922 2234 982 2260 Ξ
1014 2220 1085 2272 ψ,
1137 2219 1312 2273 perinde
1349 2219 1431 2272 est,
1483 2218 1564 2258 five
1607 2212 1784 2266 angulus
1829 2207 1872 2263 Φ

276 2298 499 2347 quaeratur
534 2289 616 2329 siue
636 2288 707 2341 ψ,
762 2298 893 2341 quum
931 2297 1039 2327 unus
1077 2297 1132 2328 cx
1170 2285 1304 2326 altero
1339 2284 1423 2327 sine
1459 2279 1704 2334 ambagibus
1747 2289 1872 2318 erua-

1770 2352 1870 2394 tur,
