2007 2702
850 201 1004 214 ······
1037 185 1193 241 (246)
1226 199 1379 214 ···-·

313 305 389 361 ipsi
430 317 484 346 ex
529 302 608 344 hac
652 310 766 343 certe
810 311 928 356 parte
973 302 1105 343 fidem
1149 301 1442 343 adhibeamus.
1509 300 1686 358 Interim
1727 301 1913 344 euictum

309 372 437 411 etiam
473 367 554 420 est,
590 366 885 421 experimenta
921 366 1045 420 ipsius
1078 379 1175 407 cum
1204 364 1512 420 experimentis
1540 376 1783 408 ceterorum
1813 367 1913 408 che-

309 435 522 475 micorum
560 445 647 472 non
684 432 946 482 conuenire,
988 440 1031 471 et
1065 431 1092 471 fi
1128 431 1287 484 aliquid
1323 431 1365 470 in
1401 430 1486 470 illis
1522 430 1613 470 veri
1648 433 1769 483 esset,
1805 443 1911 471 vnus

311 509 425 539 certe
471 511 527 538 ex
562 496 862 537 chemicorum
899 496 1082 536 cohorte
1128 495 1244 536 idem
1292 494 1580 535 affirmauerit.
1650 492 1734 537 Sed
1770 495 1914 536 omnia

308 564 353 603 in
388 562 466 603 illo
503 574 657 616 negare
694 561 751 601 ob
788 561 1082 602 auctoritatem
1118 560 1208 601 eius
1246 573 1333 601 non
1368 558 1511 600 aufim.

503 658 724 710 Felicior,
778 666 823 698 vt
866 657 972 698 mihi
1019 658 1220 708 videtur,
1276 658 1316 697 in
1355 655 1552 708 chymica
1596 654 1787 708 lapidum
1822 665 1918 707 per-

307 722 548 765 scutatione
593 731 682 762 erat
726 721 780 762 cl.
819 721 1065 764 Gerhardus
1110 722 1174 762 vir
1221 722 1425 775 dignitate
1472 734 1518 761 ac
1564 720 1684 760 omni
1729 717 1917 760 doc‘iriua

309 796 521 838 ornatus,
577 787 649 839 qui
695 794 809 826 certa
852 785 1116 838 experientia
1163 785 1293 825 fretus
1331 785 1588 827 Schoerlum
1624 793 1792 838 praeter
1834 781 1918 822 fer-

307 865 405 893 rum
441 861 485 890 et
520 860 684 901 terras,
739 849 952 901 (quarum
998 849 1228 889 maximam
1273 860 1438 902 partem
1484 848 1701 904 particulis
1738 847 1920 888 Amian-

309 916 434 956 thum
472 913 825 955 constituentibus
850 913 1106 953 simillimam
1142 913 1220 953 effe
1258 910 1430 966 censet>
1467 912 1573 953 1111111
1611 911 1821 953 contineri
1857 907 1918 951 af-

306 980 463 1021 firmat.
540 977 653 1019 Cum
699 978 881 1031 granatis
929 987 1069 1017 tamen
1117 978 1443 1030 quodammodo
1489 976 1753 1017 confundisse
1799 974 1918 1016 vide-

307 1053 390 1084 tur.
475 1041 559 1084 Sed
597 1041 623 1081 fi
665 1042 736 1095 qui
783 1050 883 1082 tunc
928 1042 1199 1095 irrepuerunt
1243 1054 1445 1092 errores,
1500 1049 1618 1081 certo
1666 1053 1818 1081 omnes
1853 1039 1919 1079 vir

307 1108 382 1151 ille
417 1106 686 1163 peritissimus
724 1106 1005 1158 emcndauit,
1044 1106 1275 1157 emendat⁷
1311 1115 1437 1159 atque
1475 1104 1776 1145 emendaturus
1815 1103 1884 1143 est.

503 1203 685 1244 Accedo
722 1215 834 1243 nunc
871 1203 921 1242 ad
959 1201 1095 1242 celeb.
1134 1201 1437 1254 Kirwannum‚
1493 1202 1564 1255 qui
1606 1212 1803 1254 magnam
1841 1211 1921 1239 no-

309 1266 409 1317 bis,
460 1275 508 1306 vt
550 1267 592 1306 in
629 1265 721 1307 aliis
758 1266 900 1306 studiis
923 1294 936 1317 ,
988 1265 1041 1305 fic
1079 1275 1121 1305 et
1156 1266 1197 1304 in
1235 1279 1277 1306 re
1315 1265 1620 1320 mineralogica
1665 1266 1807 1306 lucem
1852 1275 1921 1304 ac·

311 1329 492 1381 cendit,
549 1330 758 1382 cuiusque
795 1329 993 1370 foffilium
1032 1328 1288 1369 claffificatio
1325 1331 1481 1370 merito
1520 1331 1695 1370 caeteris
1732 1329 1922 1383 praefer-

311 1403 416 1445 tur,
456 1393 649 1447 quamuis
686 1395 728 1433 in
766 1394 1029 1434 accuratiore
1066 1406 1216 1433 eorum
1261 1393 1511 1433 definitione
1549 1395 1683 1434 multa
1720 1390 1921 1433 mutanda

310 1457 382 1499 vel
419 1457 547 1498 etiam
583 1458 776 1499 addenda
811 1457 902 1498 fint.
988 1456 1220 1498 Schoerlus
1258 1457 1382 1497 huius
1420 1456 1477 1496 est
1521 1457 1626 1509 lapis
1662 1457 1711 1498 ad
1751 1457 1919 1496 classem

309 1522 555 1563 filiceorum
591 1522 870 1573 referendus7
911 1534 1037 1576 quem
1073 1523 1113 1562 in
1153 1521 1239 1561 duo
1277 1533 1430 1574 genera
1469 1520 1707 1566 distribuit3
1761 1520 1918 1560 horum

312 1587 491 1628 alterum
515 1616 527 1638 ‚
567 1587 638 1640 qui
675 1587 731 1626 est
768 1587 1101 1639 quindecimus,
1144 1586 1444 1639 completffitur
1480 1584 1737 1626 Schoerlum
1775 1592 1918 1623 totum

314 1661 521 1705 quantum
545 1680 557 1702 a
595 1651 810 1702 alterum,
848 1651 919 1703 qui
958 1650 1013 1690 est
1050 1650 1241 1690 decimus
1279 1649 1446 1700 sextus„
1485 1649 1556 1702 qui
1595 1648 1704 1701 apud
1744 1647 1921 1690 Germa-

309 1728 390 1755 nos
430 1715 502 1754 sub
539 1715 714 1755 nomine
737 1713 1052 1768 &augensi-hor!
1088 1715 1217 1754 venit.
1289 1714 1370 1755 Sed
1410 1713 1712 1754 celeberrimus
1749 1712 1818 1752 hic
1856 1710 1920 1751 vir

312 1778 357 1817 in
403 1777 638 1830 specierum
685 1788 811 1833 atque
856 1779 1106 1820 ratim—atum
1152 1778 1348 1821 Schoerli
1394 1778 1658 1819 enarratione
1696 1776 1752 1817 cst
1796 1786 1919 1816 com—

313 1841 559 1898 pendiosus.

507 1939 804 1993 Bergmannus
843 1940 1051 1995 denique,
1089 1940 1160 1995 qui
1200 1941 1382 1981 multum
1422 1954 1517 1982 cum
1542 1941 1775 1981 Kirwanno
1813 1950 1916 1979 con-

314 2003 457 2056 venit,
496 2004 549 2044 fic
587 2004 844 2046 Schoerlum
882 2005 1106 2046 definiuit:
1146 2004 1277 2058 Quod
1315 2006 1361 2045 fit
1397 2006 1562 2059 Argilla
1599 2004 1751 2045 Sicilea
1788 1999 1912 2042 dimi-

315 2069 435 2109 dium
474 2068 561 2109 fere
596 2070 802 2123 ponderis
846 2070 916 2110 vel
960 2071 1067 2111 vltra
1103 2069 1291 2109 efficiens
1330 2081 1370 2110 et
1407 2070 1600 2124 pauxillo
1637 2068 1760 2109 calcis
1798 2075 1912 2103 aera-

314 2142 380 2173 tae
425 2133 575 2173 intime
620 2134 773 2174 iuncta.
827 2134 1017 2188 (Sciagr.
1056 2135 1188 2187 Regu.
1230 2135 1331 2174 min.
1382 2134 1416 2187 ᾗ.
1459 2135 1616 2186 120.).
1699 2131 1745 2169 In
1787 2126 1912 2166 variis

312 2208 446 2250 porro
493 2198 882 2249 differtationibus‚
938 2198 1248 2240 accuratissimis
1293 2199 1596 2253 experimentis
1641 2203 1683 2235 et
1718 2190 1916 2234 obserua-

315 2260 506 2303 tionibus
541 2261 740 2306 Sehoerli
776 2275 921 2305 veram
956 2264 1165 2307 Naturam
1200 2263 1325 2306 nobis
1362 2263 1555 2307 ostendit.

1832 2350 1912 2393 His
