2007 2702
680 224 830 237 ·······
865 207 1018 263 <239)
1052 222 1203 236 --“

331 322 524 377 Desuper
560 323 792 363 notandum
827 321 977 371 velim,
1013 332 1081 360 me
1104 321 1258 361 eodem
1281 327 1491 373 tempore,
1524 333 1609 374 quo
1630 333 1734 362 con-

143 389 247 431 chae
283 388 360 429 hae
396 396 672 442 praegnantes
712 386 863 438 fuere,
917 386 1148 425 earundem
1195 384 1337 438 plures
1375 397 1507 437 aeque
1545 386 1730 427 diuersae

143 452 443 507 magnitudinis
490 451 740 501 offendisse,
793 451 835 491 in
882 449 1035 503 quibus
1082 449 1378 502 conceptionis
1417 449 1733 503 ovulorumque

141 530 193 558 ne
238 516 456 569 vestigium
503 516 675 568 quidem
718 515 861 555 videre
907 513 1012 553 mihi
1048 513 1230 554 licuerit.
1314 513 1446 553 Anno
1488 526 1620 565 1774.
1660 513 1733 554 sub

141 581 269 621 finem
306 580 410 620 Maii
446 580 696 630 mytilorum
735 579 889 620 horum
926 578 1212 618 maximorum
1244 577 1475 616 nonnullos
1496 578 1650 630 pariter
1672 579 1736 618 in-

142 644 396 694 foecundos,
432 643 547 696 pallii
584 656 704 694 vero,
738 643 822 682 fine
859 641 1156 683 branchiarum
1192 641 1456 681 exteriorum
1496 641 1735 695 duplicatu-

140 720 228 749 ram
265 720 394 761 aquae
431 708 553 760 copia
590 706 806 747 distentam
841 706 994 759 reperi.

335 801 564 843 Corollarii
599 802 699 843 loco
736 802 905 853 addam,
942 814 1040 842 cum
1076 802 1316 853 ouiduecus,
1349 802 1474 843 etiam
1495 802 1536 842 in
1561 803 1735 855 ouariis,

140 868 376 909 maturitate
414 868 598 907 maxime
633 867 863 920 promitis,
899 879 950 906 ne
987 860 1208 918 vestigium
1245 866 1418 919 quidem
1450 879 1636 919 vnquam
1660 869 1735 908 de·-

140 930 403 987 prehendere
441 931 674 983 potuerim,
711 929 897 969 conchas
935 930 1024 979 has,
1062 929 1189 969 semel
1224 938 1519 983 praegnantes,
1556 930 1639 971 fiue
1668 933 1734 971 iu-

140 997 306 1045 niores,
340 993 423 1032 siue
461 993 718 1043 adultiores,
753 1001 892 1045 partus
933 992 1026 1032 suos
1063 994 1189 1032 edere
1226 1006 1311 1033 non
1348 995 1488 1047 poffe,
1526 995 1643 1047 quin,
1679 995 1732 1035 ad

138 1058 299 1098 exitum
335 1057 383 1097 iis
420 1058 674 1110 parandum,
712 1055 935 1096 branchiae
974 1057 1235 1109 exteriores,
1272 1067 1469 1111 tanquam
1505 1068 1641 1111 partes
1679 1059 1732 1099 ad

136 1122 266 1162 vitam
303 1120 632 1161 conseruandam
671 1118 937 1173 summopere
974 1121 1252 1172 necessariae,
1310 1121 1523 1176 disruptae
1558 1123 1728 1176 penitus

139 1184 430 1233 destruantur,
482 1184 566 1237 ipsa
611 1183 712 1224 haec
757 1184 950 1223 animalia
993 1186 1198 1236 pariendo
1235 1187 1495 1233 moriantur3
1550 1187 1731 1231 eandem

142 1261 314 1301 quoque
359 1245 431 1288 fati
474 1248 753 1288 necellitatem
802 1247 931 1301 sepias
976 1260 1022 1287 ac
1058 1248 1250 1302 Polypos
1288 1250 1473 1290 marinos
1510 1240 1729 1303 experiri,

137 1311 238 1352 licet
273 1312 465 1351 ouarium
502 1324 650 1351 eorum
687 1324 771 1352 non
809 1311 1113 1365 pulmonibus,
1151 1313 1217 1352 sed
1255 1313 1509 1365 abdomine,
1545 1327 1590 1354 ac
1626 1327 1730 1367 pro-

139 1375 232 1428 prio
269 1374 463 1415 folliculo
501 1375 745 1416 conclusum
782 1375 852 1424 fit,
890 1374 1136 1415 Aristoteles
1174 1377 1318 1416 auc'tor
1352 1376 1423 1426 est,
1451 1376 1631 1434 *ipsaque
1665 1391 1731 1419 ra·

139 1439 216 1492 tio,
252 1452 273 1480 a
307 1438 504 1480 structura
541 1440 698 1479 horum
732 1436 1048 1479 Molluscorum
1078 1440 1231 1496 petita,
1263 1432 1463 1494 postulat.
