2007 2702
859 246 1012 262 ·-—
1046 230 1201 283 (232)
1235 229 1385 274 ‡-==

499 340 636 384 Minor
664 347 790 397 prope
812 340 963 398 sedem
986 352 1095 385 ortus
1116 345 1294 396 ‚‘tnciior
1323 347 1452 398 prope
1480 344 1742 405 insertionem.

512 421 613 463 Hoc
650 422 787 462 solum
831 419 1101 474 notandum,
1158 423 1273 477 quod
1312 432 1354 463 et
1388 423 1429 462 in
1468 423 1558 464 aliis
1595 424 1634 464 se
1669 436 1821 469 mutuo
1857 435 1923 470 re«

317 485 518 541 gentibus
556 483 686 528 stra'tis
723 486 924 527 fibrarum
960 487 1042 527 iam
1070 486 1322 539 obsti-uani,
1358 496 1402 527 et
1429 488 1547 542 quod
1583 488 1626 526 in
1662 490 1922 542 vniuersum9

318 551 565 604 Vbicunque
611 551 772 592 diuersa
816 551 934 592 strata
976 551 1178 592 fibrarum
1223 552 1265 591 in
1311 552 1559 591 ventriculis
1606 550 1657 591 ab
1699 564 1780 593 vna
1823 553 1920 594 sede

317 616 547 667 oriuntur,
601 615 743 656 valere
787 615 990 655 videtur:
1045 612 1088 655 in
1126 615 1269 670 primo
1312 615 1526 670 prmcipio
1573 614 1732 655 scilicet
1774 629 1922 670 parum

321 680 496 734 quidem
535 679 802 720 diuersorum
840 679 1064 720 stratorum
1101 680 1260 732 fibras,
1313 689 1356 721 et
1391 681 1465 720 vix
1501 680 1770 733 quidquam,
1814 680 1923 722 inter

317 743 358 784 se
397 744 628 784 direstione
667 743 863 795 differre5
901 738 1053 785 deinde
1091 744 1237 785 senfim
1273 743 1381 784 fleeti
1417 744 1541 785 fibras
1578 743 1686 785 strati
1724 742 1924 796 alterius,

320 809 422 848 dum
469 808 639 848 alterius
685 807 814 847 fibrae
859 803 972 848 sua‘m
1022 809 1274 848 continuant
1317 808 1630 857 diree‘iionem5
1685 809 1753 849 vel
1789 808 1923 862 magis

318 872 454 923 ficei,
497 871 599 912 dum
635 870 776 911 minus
813 871 984 913 alterius
1022 871 1150 913 fibrae
1188 872 1444 922 fleciuntnm
1496 883 1543 914 vt
1580 886 1666 928 qno
1703 873 1836 927 magis
1874 872 1924 913 fi-

319 936 418 978 brae
453 936 675 991 Vtriusque
713 935 822 978 strati
859 937 1052 990 contigui
1087 938 1455 991 progrediuntur„
1492 951 1545 978 eo
1581 938 1715 991 magis
1751 947 1794 977 et
1828 950 1850 979 a
1884 936 1924 978 se

317 1010 471 1042 mutuo
509 1001 748 1053 discedant,
785 1010 828 1042 et
862 1001 1096 1042 direstione
1133 1001 1242 1042 inter
1278 1000 1317 1041 se
1354 1001 1563 1042 differant.
1626 1001 1673 1041 ld
1710 1002 1844 1055 ipsum
1880 1002 1924 1042 in

318 1066 387 1109 his
423 1066 553 1108 stratis
593 1079 768 1121 quoque
801 1066 1029 1107 ventriculi
1064 1065 1206 1106 finistri
1229 1094 1241 1117 ‚
1294 1076 1477 1106 externo
1514 1075 1557 1106 et
1590 1065 1809 1119 secundo,
1846 1065 1925 1106 ob-

318 1131 519 1173 seruatur.
606 1131 675 1174 Sic
719 1129 849 1172 fibrae
887 1144 909 1172 a
944 1140 1034 1172 tota
1080 1143 1204 1171 crena
1249 1129 1297 1170 ad
1332 1130 1567 1183 -regionem
1611 1131 1814 1172 radiatam
1855 1143 1926 1171 vs-

320 1208 404 1250 que
440 1196 496 1248 a)
533 1196 575 1236 in
611 1195 759 1248 primis
796 1195 1014 1248 principiis
1052 1194 1131 1234 suis
1167 1203 1210 1234 et
1244 1195 1443 1247 proxime
1481 1195 1531 1236 ad
1569 1207 1739 1235 crenam
1774 1205 1926 1249 parum

319 1260 391 1301 vel
428 1259 535 1299 nihil
573 1259 699 1299 duc‘tu
737 1258 810 1299 suo
848 1258 1031 1313 obliquo
1069 1257 1271 1298 differunt
1306 1273 1328 1299 a
1363 1260 1479 1300 fibris
1517 1260 1738 1311 externis,
1781 1258 1925 1300 sedem

319 1324 499 1365 eandem
538 1321 779 1376 tegentibus
816 1320 877 1376 b)
903 1351 913 1362 .
992 1321 1079 1364 Vbi
1117 1322 1195 1363 hae
1232 1322 1361 1363 fibrae
1400 1324 1584 1364 mediam
1623 1324 1712 1365 fere
1749 1323 1927 1378 superfi-

319 1388 403 1429 ciei
439 1387 666 1441 superioris
702 1396 866 1440 partem
904 1388 1077 1438 nastae,
1120 1386 1178 1427 ita
1212 1386 1294 1427 iam
1333 1387 1478 1428 senfim
1516 1388 1650 1428 flexae
1687 1398 1925 1443 apparent,

319 1461 367 1494 vt
402 1464 551 1506 parum
588 1464 610 1492 a
646 1451 884 1493 transuerso
923 1452 1047 1492 dudiu
1085 1450 1283 1503 differant
1317 1452 1382 1503 c),
1420 1453 1519 1492 dum
1558 1450 1688 1492 fibrae
1725 1463 1926 1493 externae

320 1517 362 1559 in
401 1513 569 1558 sedibus
606 1515 760 1557 iisdem
795 1517 890 1570 d),
944 1515 1134 1557 eundem'
1175 1514 1403 1567 obliquum
1450 1515 1620 1556 durium
1659 1518 1926 1557 continuant.

320 1580 524 1636 Denique
568 1581 691 1634 super
737 1581 971 1636 marginem
1018 1580 1245 1620 ventriculi
1291 1579 1421 1620 fibrae
1467 1578 1710 1620 illaerstrati
1756 1579 1926 1620 secundi

320 1647 477 1688 eodem
501 1675 515 1699 ‚
568 1646 832 1687 transuersali
868 1645 1117 1700 propinquo
1139 1674 1152 1695 7
1207 1644 1331 1684 dncstu
1370 1643 1582 1684 transeunt
1616 1645 1691 1696 e),
1732 1654 1775 1685 et
1808 1644 1931 1698 peni-

321 1719 389 1751 tus
426 1710 514 1751 fere
551 1710 817 1751 transuerfim
854 1711 896 1750 in
932 1708 1125 1750 inferiori
1162 1708 1381 1762 superficie
1419 1709 1467 1749 ad
1506 1708 1642 1749 striam
1663 1721 1797 1762 vsque
1826 1721 1932 1749 con-

320 1774 489 1815 tinuant
515 1770 594 1826 s).
682 1774 898 1816 Externae
935 1783 1082 1814 contra
1118 1773 1190 1813 vbi
1229 1774 1279 1828 ad
1316 1773 1551 1826 marginem
1590 1773 1798 1813 accedunt
1832 1786 1930 1814 ver-

323 1838 388 1879 sus
426 1839 592 1892 apicem
628 1838 772 1890 potius
809 1851 920 1879 nunc
958 1839 1131 1878 demum
1170 1837 1428 1889 flestuntur‚
1465 1847 1507 1877 et
1542 1838 1591 1877 ad
1631 1848 1823 1878 centrum
1862 1835 1928 1878 fo-

325 1916 477 1946 corum
513 1911 775 1943 concurrunt
814 1903 873 1957 g)
898 1931 911 1956 ,
950 1902 1052 1942 dum
1087 1900 1218 1941 fibrae
1255 1903 1429 1944 eaedem
1466 1902 1509 1942 in
1545 1901 1669 1942 strato
1705 1901 1926 1952 secundo,

1822 1976 1924 2019 quae

323 2052 1924 2083 --—--——--—-—-————-——-—--——---··

424 2110 464 2155 a)
493 2103 579 2142 Tab.
608 2106 689 2143 VH.
717 2108 754 2141 E.
784 2105 806 2145 f.
836 2110 886 2150 36.
915 2115 965 2150 38.
1794 2109 1797 2114 ’

427 2160 466 2202 1))
494 2158 578 2192 Tab.
608 2157 662 2191 IV.
690 2159 743 2191 66.
771 2166 828 2200 γε.
857 2170 910 2203 79.
938 2165 992 2200 83.

425 2212 466 2252 c)
496 2208 581 2243 Ἰώ,
610 2209 689 2242 Vll.
718 2218 770 2249 30.
801 2218 848 2249 3²·
882 2219 930 2253 35.

425 2257 465 2302 d)
495 2255 582 2292 Tab.
610 2255 667 2294 lv,
695 2269 746 2300 υ.
775 2268 823 2300 73.
853 2264 900 2296 81.

426 2307 466 2349 e)
495 2306 582 2340 Tab.
609 2308 688 2344 vil,
719 2318 772 2348 30.
802 2317 852 2349 32.
879 2317 926 2348 33.
954 2307 1007 2349 36.

422 2356 468 2401 f)
495 2354 582 2389 Tab.
613 2358 663 2391 [K.
690 2368 719 2398 4.
750 2361 852 2399 7.'11.

421 2406 466 2454 g)
493 2404 578 2441 Ταῦ.
606 2406 660 2439 1V·
689 2417 736 2447 :⁹3-
765 2418 817 2449 77.
844 2412 895 2448 78-
927 2417 980 2449 74-
1013 2414 1063 2450 82·
1093 2417 1144 2450 74·
1172 2417 1239 2453 105-
