2007 2702
695 188 1035 246 ιιι-εμπ)
1067 205 1219 233 =

870 302 963 356 Fig.
1001 314 1043 352 3.

351 364 579 408 Portiones
623 365 821 420 duorum*
849 367 1146 408 musculorum
1190 377 1244 406 eo
1286 377 1421 419 vsque
1455 378 1478 407 a
1512 364 1553 407 se
1598 373 1750 408 mutuo

162 430 403 482 distrac'tae,
444 439 491 471 vt
524 430 771 471 intermedia
807 430 1007 472 cellulosa
1045 430 1294 482 substantia,
1333 442 1439 482 quae
1476 431 1677 472 continua
1711 438 1754 471 et

162 496 347 549 aequalis
383 495 600 546 haetenus,
634 504 679 535 vt
712 495 753 535 in
789 495 1085 548 experimento
1120 495 1254 549 priori
1291 493 1393 550 (fig.
1419 507 1458 535 1.
1483 494 1590 549 2.),
1625 508 1754 551 appa·

160 560 260 612 ruit,
297 559 338 598 in
374 558 444 600 fila
480 559 745 612 extendatur,
781 558 1012 601 inermibus
1052 559 1188 601 oculis
1222 557 1345 598 visae.

223 666 265 696 α.
299 652 338 696 b.
404 654 628 696 Portiones
675 655 968 694 musculorum
991 682 1006 705 ‚
1056 654 1099 694 in
1136 661 1252 707 parte
1290 651 1523 694 sublimiori
1559 667 1582 696 a
1617 653 1657 695 se
1690 653 1755 696 in·

350 718 488 760 vicem
523 717 729 771 separatae
764 727 806 758 et
842 718 1068 768 distraetae,
1103 716 1355 771 profundius
1394 716 1688 760 cohaerentes.

224 807 259 838 c.
294 797 334 837 d.
400 795 671 837 Interstitium
708 793 909 835 cellulosa
942 793 1168 849 repletum.

225 885 260 913 c.
325 871 374 912 In
419 872 497 913 hac
542 879 658 925 parte
694 870 926 921 cellulosa,
982 870 1175 922 quamuis
1212 868 1344 922 magis
1383 881 1508 922 quam
1543 870 1585 909 in
1620 869 1755 923 priori

351 935 648 988 experimento
685 935 887 985 extensa,
929 941 1070 974 tamen
1107 933 1326 988 aequalem
1364 932 1450 974 fere
1485 932 1754 988 superficiem

351 997 543 1038 ostendit.

220 1075 261 1116 d.
326 1073 375 1114 In
411 1075 488 1115 hac
524 1075 566 1114 in
602 1074 671 1115 fila
707 1075 879 1118 extendi
914 1076 996 1117 iam
1039 1076 1202 1132 incipit.

224 1161 258 1192 e.
328 1150 477 1192 Portio
513 1150 737 1192 cellulosae
773 1153 813 1192 in
849 1153 918 1193 fila
954 1154 1173 1202 extensae,
1212 1166 1317 1206 quae
1353 1153 1395 1193 in
1432 1151 1648 1194 nonnullis
1685 1152 1752 1194 Io-

354 1216 415 1256 cis
451 1225 592 1256 tamen
628 1216 831 1257 subiectae
868 1216 1095 1257 cellulosae
1131 1216 1373 1257 substantiae
1410 1216 1464 1268 (c.
1494 1217 1555 1268 d.)
1592 1216 1753 1257 adhuc-

355 1281 455 1320 dum
492 1279 729 1320 adhaerent.
798 1280 1015 1321 Nimirum
1053 1281 1235 1320 musculi
1272 1280 1333 1333 (a.
1353 1278 1414 1331 b.)
1453 1281 1645 1332 quamuis
1682 1293 1755 1320 ru-

353 1343 415 1384 bri
453 1343 732 1396 distinc'iisque
770 1344 861 1383 satis
898 1344 1013 1382 fibris
1053 1352 1313 1396 appareant,
1366 1342 1567 1384 cellulosa
1612 1354 1752 1383 tamen

352 1405 571 1448 substantia
607 1407 721 1445 tenui
759 1405 969 1458 pellucida
1005 1407 1100 1446 tecti
1137 1406 1245 1447 sunt.
1315 1406 1425 1446 Nam
1464 1403 1627 1459 forcipe
1650 1407 1754 1447 haec

349 1470 558 1523 prehendi
593 1477 635 1508 et
670 1467 819 1509 abduci
857 1470 1007 1524 potest,
1047 1483 1134 1524 quo
1171 1480 1261 1510 tum
1299 1470 1480 1510 musculi
1516 1470 1648 1522 magis
1685 1485 1756 1511 ru·

352 1532 450 1583 bri,
495 1532 566 1585 qui
601 1531 758 1585 pallide
795 1543 890 1574 ante
927 1534 1167 1587 rubebant,
1210 1534 1338 1575 fibrae
1376 1534 1508 1587 magis
1547 1534 1754 1575 distinctae

352 1604 566 1648 apparent.
652 1595 770 1650 Quae
815 1610 919 1650 ergo
965 1598 1007 1637 in
1043 1598 1111 1639 fila
1147 1599 1315 1639 extensa
1352 1597 1551 1638 cellulosa
1589 1598 1650 1649 (e.
1688 1598 1752 1651 e.)

354 1671 401 1698 ea
436 1661 585 1712 puncta
621 1661 912 1701 musculorum
949 1662 1012 1714 (e.
1048 1675 1080 1703 e.
1116 1663 1181 1715 e.)
1226 1663 1267 1702 in
1312 1662 1388 1702 fitu
1425 1662 1602 1703 naturali
1649 1675 1753 1702 con-

350 1721 557 1763 iunxerat.
644 1722 764 1777 Quae
807 1726 849 1765 in
886 1726 1104 1767 interstitio
1150 1726 1214 1779 (c.
1251 1736 1294 1767 et
1328 1726 1398 1778 d.)
1443 1734 1614 1780 apparet
1656 1739 1752 1780 par-

353 1794 413 1825 tes
451 1798 599 1826 eorum
637 1785 701 1841 (f.
736 1802 778 1841 g.
805 1787 844 1843 s.
880 1788 952 1844 h.)
989 1799 1208 1832 nexuerat·
1276 1789 1352 1830 Illa
1388 1802 1491 1842 ergo
1531 1789 1583 1840 (e.
1621 1802 1653 1828 e.
1690 1790 1748 1841 e.)

350 1849 483 1902 magis
506 1879 519 1900 ,
574 1851 751 1903 proinde
786 1853 828 1892 in
865 1853 961 1906 fila,
998 1855 1102 1896 haec
1139 1854 1202 1908 (c.
1238 1853 1310 1907 d.)
1346 1855 1485 1894 minus
1523 1853 1750 1895 distrac'iio-

352 1925 404 1954 ne
439 1915 732 1957 musculorum
768 1920 937 1959 extensa
971 1918 1041 1959 est.

448 2019 491 2061 Si
538 2023 716 2063 musculi
753 2023 822 2077 (a.
845 2023 914 2077 b.)
950 2026 1248 2074 remittuntur5
1291 2023 1510 2066 substantia
1546 2023 1649 2065 haec
1686 2024 1748 2065 se·

351 2083 539 2125 mifluida
573 2095 616 2125 et
651 2096 806 2141 tenax,
850 2102 953 2143 quae
990 2091 1030 2130 in
1068 2090 1135 2131 fila
1172 2089 1339 2130 extensa
1375 2098 1487 2140 erat,
1526 2090 1747 2129 confluen-

352 2148 409 2187 do
468 2149 629 2190 rursum
685 2152 728 2192 in
788 2153 1034 2195 continuam
1096 2163 1139 2195 et
1198 2153 1418 2208 aequalem
1485 2150 1748 2195 substantiam

352 2211 473 2252 redit.

223 2331 344 2378 Noua
365 2338 469 2382 Αὲἵα
488 2341 617 2386 Acad.
640 2342 740 2398 Imp.
761 2343 830 2387 Sc.
851 2344 897 2388 T.
923 2345 991 2388 VI.
1229 2346 1282 2388 M
1318 2359 1360 2387 m
1587 2344 1676 2396 Fig·
1699 2357 1743 2394 4·
