2007 2702
287 201 347 243 72
820 171 1362 231 His’roqu.

288 315 366 359 pae
401 295 536 342 vnciis
583 295 655 336 sex
699 291 936 349 abundante
972 289 1140 345 spiritus
1175 287 1266 329 vini
1301 285 1623 329 rec‘tificatiffimi
1663 291 1892 344 quantitate

287 366 462 419 solutis,
500 372 584 404 tres
622 358 858 400 carbonum
892 355 1086 411 pulueris
1122 353 1248 394 libras
1285 353 1610 395 admiscuiffem.

485 460 520 513 ᾗ.
559 471 633 508 44.
712 451 1045 496 Tentaminibus
1101 458 1293 492 accurate
1346 448 1566 504 institutis,
1620 460 1892 506 compertum

290 526 399 568 mihi
436 524 594 573 habeo,
618 520 824 563 carbones
860 519 904 560 in
939 517 1117 558 ressnam
1151 515 1342 570 ialappae
1378 513 1541 555 nullam
1577 528 1776 559 exercere
1806 518 1894 558 vim

295 589 622 632 destruc'tricem.
1434 596 1436 599 ·

941 644 1238 699 Colophonium.

481 716 517 771 ᾗ.
556 726 630 768 45.
700 710 919 756 Solutioni
955 710 1211 764 colophonii
1250 708 1399 750 colore
1435 707 1511 749 suo
1547 707 1777 762 priuandae
1812 721 1899 764 non

292 785 367 828 nist
401 781 600 825 immanis
639 778 875 820 carbonum
910 775 1101 828 pulueris
1140 774 1265 826 copia
1301 773 1466 813 sufficit.

510 856 711 911 Nophcha
746 852 903 894 vitrioli
926 850 1147 907 sulphurea
1182 859 1219 890 et
1252 849 1424 904 spiritus
1448 848 1669 904 sulphuris.

486 923 521 976 ᾗ.
559 924 634 973 46.
704 918 910 972 Naphtha
947 916 1109 958 vitrioli
1145 915 1363 968 particulis
1400 914 1641 967 sulphureis
1684 914 1903 968 inquinata

294 988 528 1031 carbonum
567 985 747 1039 puluere
784 982 834 1034 ab
874 982 933 1022 eis
971 979 1141 1022 liberari
1179 979 1340 1031 nequit.
1407 979 1537 1033 Aqua
1571 992 1675 1020 vero
1713 980 1903 1032 naphtha

293 1052 509 1095 eiusmodi
544 1046 835 1103 impraegnata
873 1045 1130 1087 carbonibus
1167 1044 1304 1083 odore
1351 1042 1581 1097 sulphureo
1634 1043 1772 1084 subito
1819 1044 1905 1097 pri-

252 1112 256 1116 ’
295 1128 443 1168 vatur,
482 1114 694 1169 naphthae
733 1125 820 1153 non
857 1111 930 1151 nifi
969 1122 1096 1164 purae
1126 1108 1262 1148 odore
1298 1107 1526 1160 superstite.
1595 1106 1664 1148 Sic
1700 1108 1905 1161 phlegma.

298 1194 473 1237 quoque
512 1179 815 1233 sulphureum,
854 1176 972 1230 quod
999 1174 1072 1215 sub
1102 1172 1231 1224 finem
1254 1171 1544 1213 destillationis
1584 1171 1765 1226 liquoris
1801 1184 1906 1215 ano-

297 1247 385 1287 dini
422 1244 674 1286 Hoffmanni
710 1242 964 1292 obtinetur,
1017 1239 1199 1280 odorem
1236 1236 1515 1290 sulphureum
1560 1238 1752 1290 amittit,
1806 1249 1906 1278 cum

297 1311 487 1367 primum
526 1308 667 1350 debita
701 1307 740 1348 ei
777 1304 1031 1348 admiscetur
1067 1301 1302 1345 carbonum
1339 1301 1531 1355 pulueris
1569 1303 1707 1355 copia.

523 1404 754 1459 Substantia
791 1402 970 1444 volatilis
1013 1413 1064 1441 ex
1098 1398 1208 1454 sebis
1243 1407 1279 1439 ec
1315 1396 1410 1438 oleis
1445 1395 1675 1450 pinguibus.

495 1471 532 1524 ᾗ.
569 1484 644 1522 47.
722 1468 771 1509 In
815 1466 1037 1509 volatilem
1091 1463 1357 1504 substantiam
1411 1463 1557 1503 odoris
1605 1461 1788 1503 maxime
1833 1476 1909 1518 pe-

301 1536 525 1587 netrantis,
562 1535 760 1575 seborum
798 1542 840 1573 et
875 1532 1075 1573 oleorum
1111 1529 1338 1584 pinguium
1367 1527 1645 1569 destillatione
1668 1514 1908 1581 obtentam,

303 1601 511 1643 carbones
547 1600 590 1641 vi
627 1599 813 1654 gaudent
850 1597 978 1638 nulla.

894 1674 1077 1729 Corpora
1113 1671 1293 1728 restuosa.

501 1741 535 1793 ς.
568 1750 641 1792 48.
711 1740 958 1782 solutiones
997 1739 1241 1793 spirituosae
1278 1736 1503 1778 resinarum
1541 1750 1585 1777 ac
1623 1736 1910 1776 balsamorum

306 1805 562 1849 naturalium
601 1805 835 1844 carbonum
873 1817 956 1857 ope
1002 1803 1125 1856 plane
1163 1802 1367 1841 orbantur
1405 1800 1552 1839 colore
1589 1799 1664 1839 suo
1701 1808 1743 1839 et
1778 1812 1910 1851 aquae

306 1871 429 1914 instar
464 1869 666 1924 limpidae
701 1869 958 1916 redduntur,-
995 1867 1130 1907 odore
1151 1876 1310 1915 tamen,
1347 1862 1628 1916 quantumuis
1657 1863 1782 1903 addas
1819 1864 1916 1916 pul-

306 1936 417 1976 veris
458 1934 711 1984 carbonum,
750 1932 919 1987 prorsus
956 1933 1139 1984 integro.
1208 1929 1468 1970 Teutamina
1503 1942 1551 1969 ea
1589 1924 1639 1969 de
1676 1941 1720 1968 re
1758 1927 1915 1968 institui

309 2014 407 2041 cum
445 1999 728 2039 solutitmilms
765 2008 1032 2050 gummatum
1071 1997 1170 2036 asiae
1210 1994 1420 2045 foetidae,
1473 1993 1574 2033 affae
1620 1992 1779 2042 dulcis,
1825 1992 1914 2043 gal-

311 2065 433 2116 bani7
471 2063 699 2116 mastichss,
736 2063 931 2113 ambram,
968 2061 1121 2101 resinae
1159 2059 1352 2113 Ialappae
1391 2068 1433 2098 et
1469 2056 1639 2099 ballami
1675 2056 1912 2111 peruuiani.

930 2157 1033 2198 Olea
1069 2155 1268 2197 aetherea.

511 2224 546 2275 §-
572 2240 644 2274 49.
685 2225 779 2266 Nec
811 2223 947 2265 maior
968 2223 1024 2262 est
1054 2221 1289 2262 cai-bonum
1311 2218 1496 2260 efficacia
1532 2216 1572 2256 in
1601 2215 1693 2255 olea
1717 2215 1915 2257 aetherea

317 2301 558 2341 eorumque
595 2289 780 2342 odores,
819 2287 1091 2344 quantumuis
1121 2287 1171 2328 iis
1204 2298 1355 2339 magna
1390 2284 1565 2324 addatur
1600 2280 1789 2334 puluc.is
1826 2294 1916 2321 car-

1750 2345 1913 2387 bonum
