2007 2702
296 177 353 211 62
829 128 1410 211 HISTOIREs

295 300 364 329 rra
416 286 525 340 ignis
579 283 850 326 vehementia
903 295 961 332 30
1018 284 1193 324 demum
1247 282 1364 323 horis
1420 281 1641 324 destillatio
1702 281 1896 323 absolue·

294 363 434 400 1·etur;
478 351 549 391 vbi
589 349 761 402 quidem
798 357 840 388 et
874 347 917 388 id
954 357 1102 389 notatu
1140 348 1315 400 dignum
1354 345 1437 398 est,
1474 348 1621 388 oleum
1659 356 1749 387 tum
1788 360 1899 400 quo-

295 429 395 469 que,
431 428 530 456 cum
565 414 638 454 sub
674 412 805 453 finem
843 412 1134 452 destinationis
1171 424 1294 453 arena
1330 411 1498 465 penitus
1534 413 1620 453 iam
1644 411 1787 452 rubro
1824 424 1900 452 co·

294 480 388 522 lore
425 478 693 529 ardesceret,
730 476 876 518 album
912 485 1053 516 tamen
1091 485 1134 516 et
1169 476 1328 517 clarum
1367 475 1594 528 transiisse,
1630 489 1708 516 nec
1747 475 1819 515 nisi
1853 476 1898 516 in

294 544 384 599 ipso
422 545 596 584 demum
632 542 716 582 fine
753 540 953 581 nonnihil
990 539 1078 580 olei
1114 540 1359 595 nigricantis
1398 539 1478 580 effe
1515 539 1718 580 secutum.

489 668 706 711 Omnibus
745 667 855 711 hisce
893 668 1183 720 consideratis,
1219 669 1364 710 videre
1402 667 1475 720 est,
1511 667 1748 708 carbonum
1783 667 1902 709 addi·
1944 669 1945 673 ’

294 745 529 777 ramentum
567 736 651 775 hoc
688 736 729 775 in
768 735 859 775 casu
898 734 1079 774 noxium
1117 734 1251 785 magis
1274 763 1286 785 ,
1343 745 1469 786 quam
1506 732 1750 772 vtile-effe:
1805 744 1903 772 nam

295 810 566 853 compertum
604 800 709 838 mihi
746 798 903 848 habeo,
940 798 1120 836 eandem
1158 796 1485 837 destillationem
1521 796 1650 835 trium
1689 795 1775 836 olei
1808 807 1904 836 cor-

294 878 350 904 nu
387 864 504 904 cerui
537 863 772 912 librarum,
809 861 893 901 fine
931 860 1168 902 carbonum
1205 861 1443 911 additione,
1477 860 1577 913 igne
1613 859 1746 912 longe
1783 859 1906 900 debi-

293 929 391 968 limi
438 928 521 967 iam
569 927 801 966 duodecim
838 925 1041 965 horarum
1075 924 1306 963 interuallo
1343 923 1504 964 absolui
1527 952 1540 975 ,
1595 923 1903 963 obtinendum-

296 1004 377 1045 que
423 991 658 1031 carbonum
704 1002 786 1042 ope
832 990 980 1029 oleum
1018 986 1197 1029 animale
1234 1000 1313 1029 nec
1352 987 1584 1042 quantitate
1621 1000 1761 1042 neque
1800 1000 1903 1042 qua-

292 1056 409 1097 litate
446 1055 545 1095 huic
583 1053 849 1095 antecellere.

783 1181 953 1223 Summa
989 1183 1092 1224 aceli
1125 1184 1398 1223 COHCfnlratl'O·
1796 1190 1832 1205 ’χ

488 1261 523 1314 ᾗ.
565 1274 636 1313 17.
705 1260 1006 1302 Memorabilis
1044 1273 1177 1315 aeque
1214 1274 1259 1301 ac
1296 1259 1445 1312 insigni
1480 1258 1553 1299 vsu
1583 1259 1657 1300 suo
1680 1270 1904 1300 commen-

295 1327 428 1367 danda
466 1325 522 1365 est
558 1339 605 1366 ea
641 1326 811 1365 nouiter
847 1339 867 1366 a
904 1339 972 1366 me
1010 1326 1171 1366 detecta
1213 1324 1448 1365 carbonum
1495 1325 1766 1377 proprietas,
1823 1336 1905 1377 qua

296 1390 502 1431 carbones
541 1389 583 1429 in
621 1389 900 1430 destillatione
937 1391 1044 1431 aceti
1080 1391 1167 1431 vini
1204 1382 1259 1430 ex
1296 1389 1450 1430 balneo
1488 1388 1659 1440 mariae,
1700 1388 1903 1428 fortiores

296 1455 421 1496 huius
459 1454 566 1494 acidi
604 1465 740 1507 partes
778 1464 892 1495 tanta
927 1455 1113 1495 retinent
1147 1455 1213 1503 vi,
1251 1463 1296 1493 rt
1331 1467 1403 1494 eae
1441 1452 1660 1506 deinceps,
1698 1452 1796 1505 igne
1832 1463 1906 1490 ve-

294 1519 556 1559 hementiori
580 1518 720 1558 balnei
759 1532 906 1560 arenae
944 1532 1052 1571 aqua
1089 1517 1308 1567 liberatae,
1344 1517 1556 1558 alcoholis
1593 1516 1700 1557 aceti
1737 1514 1906 1555 fortissi-

297 1583 356 1621 mi
393 1592 436 1623 et
472 1582 743 1635 qualitatibus
782 1582 1094 1635 elegantissimis
1132 1581 1313 1635 praediti
1361 1582 1500 1622 forma
1545 1580 1691 1622 haberi
1732 1586 1903 1633 queant.

295 1646 423 1686 Plura
458 1647 535 1686 hac
574 1647 624 1686 de
661 1659 705 1686 re
742 1647 785 1686 in
823 1648 901 1687 alia
935 1647 1019 1688 iam
1058 1646 1342 1687 differtatione
1379 1647 1431 1687 de
1468 1645 1629 1686 summa
1664 1643 1772 1685 aceti
1799 1656 1906 1684 con-

299 1710 562 1750 centratione
599 1710 793 1751 exhibui.

670 1835 878 1890 Reflduum
913 1837 1076 1889 liquoris
1111 1837 1270 1877 anodini
1304 1834 1548 1891 Hoffmanm'.

493 1915 528 1968 ᾗ.
570 1925 639 1959 18.
708 1915 1036 1956 Infundibulum
1073 1916 1258 1955 vitreum
1296 1914 1473 1967 impleui
1505 1912 1762 1954 carbonibus
1785 1925 1908 1968 gros-

302 1979 478 2020 fiuscule
515 1980 799 2033 puluerisatiS,
835 1992 911 2034 per
950 1992 1057 2034 quos
1094 1979 1221 2020 libras
1259 1980 1424 2032 aliquot
1458 1978 1610 2019 ressdui
1633 1978 1741 2032 nigri
1762 1977 1908 2031 liquo-

303 2044 358 2083 ris
397 2044 568 2084 anodini
607 2044 818 2098 mineralis
856 2043 1011 2085 filtraui
1048 2044 1120 2096 ita,
1154 2052 1200 2084 vt
1234 2043 1295 2095 id,
1336 2043 1451 2097 quod
1487 2042 1762 2097 perfluxisset,
1801 2054 1911 2095 quo·

306 2107 408 2146 tidie
446 2108 700 2149 carbonibus
740 2109 790 2148 de
826 2121 946 2148 nouo
984 2107 1348 2162 superfundercm,
1381 2108 1436 2148 fic
1473 2106 1682 2148 menfibus
1720 2115 1910 2160 praeter-

306 2171 426 2275 lsapsxls
465 2172 633 2213 duobus
671 2173 834 2230 liquor,
871 2182 967 2214 ante
1004 2173 1141 2226 niger,
1178 2172 1348 2227 prorsus
1384 2172 1513 2215 euasit
1547 2170 1750 2226 limpidus
1773 2183 1906 2226 aquae

324 2247 394 2274 lml
417 2246 465 2274 IS.

1812 2335 1910 2380 Orix
