2007 2702
708 193 858 210 -·-····
892 177 1046 235 (265)
1079 196 1229 212 --

170 296 339 340 modice
375 307 397 337 a
431 293 472 337 se
509 301 659 336 mutuo
695 293 1000 347 distrahuntur,
1038 293 1179 348 (Tab.
1199 292 1302 335 VII.
1338 292 1410 348 fig.
1436 307 1474 336 1.
1510 297 1572 350 d.)
1608 305 1656 338 vt
1689 298 1760 344 illa

167 363 210 403 in
247 360 516 414 conspeetum
551 359 692 400 veniat
726 358 830 421 (fig.
868 358 938 401 cit.
975 358 1071 411 d.);
1128 358 1313 412 aequalis
1352 359 1477 400 huius
1516 360 1761 405 substantiae

166 435 210 467 et
244 425 443 466 continua
478 422 720 476 superficies
756 433 928 478 apparet
950 451 962 474 ‚
1016 421 1143 463 nullis
1182 422 1480 476 foraminulis,
1535 424 1618 466 filis
1655 429 1763 469 emi-

163 488 394 539 nentibus,
447 496 517 528 aut
558 486 758 539 laminis,
810 487 1006 527 distinctis
1051 486 1179 528 nullis
1224 487 1470 541 interrupta.
1551 489 1597 535 Si
1641 491 1758 534 idem

160 552 246 594 hoc
281 551 499 604 angustum
533 551 797 593 interstitium
841 552 1093 605 portionum
1131 550 1465 604 muscularium‚
1517 553 1755 608 glutinante

160 615 379 656 substantia
412 614 650 668 repletum,
686 616 972 668 microscopio
1009 614 1160 654 deinde
1197 613 1483 658 consideratur
1518 616 1653 669 (Tab.
1681 621 1751 663 cit,

159 679 233 732 fig.
274 679 370 731 2.);
420 678 662 732 superficies
708 679 866 732 pariter
901 678 1102 718 continua
1139 676 1227 728 est,
1281 676 1352 717 sed
1396 678 1535 721 minus
1573 685 1758 736 aequalis

159 752 202 784 et
236 743 386 796 polita,
424 742 591 782 lineolis
619 741 775 795 quippe
811 742 1044 781 innumeris
1073 740 1214 790 variis,
1251 741 1550 795 minutissimis,
1587 745 1756 799 insigni„

157 816 229 858 ta,
267 806 544 846 foraminibus
582 814 721 849 tamen
743 833 756 856 ⁷
809 812 877 847 aut
913 802 1197 845 eminentibus
1232 803 1483 856 particulis,
1534 807 1749 861 lamellis,

155 870 290 911 veluti
326 870 367 908 in
405 869 550 910 nostris
586 868 691 912 ideis
729 867 940 921 existunt,
983 868 1141 917 variis,
1177 864 1354 919 oblique
1391 876 1461 907 aut
1493 871 1603 911 recia
1637 875 1749 926 posi-

154 933 240 984 tis,
273 931 407 985 planis
445 941 515 972 aut
551 932 698 970 erec‘tis
736 931 905 985 filisque
942 932 1055 973 varie
1091 930 1251 987 ductis,
1289 929 1484 976 alueolos
1522 935 1747 980 continen-

154 995 295 1049 tibus,
332 995 510 1037 omnino
547 993 743 1037 distituta-

343 1094 378 1147 ξ.
415 1106 483 1134 11.
539 1092 790 1148 Superficies
827 1092 932 1135 haec
968 1094 1115 1149 plana,
1152 1102 1224 1136 aut
1257 1095 1408 1137 leuiter
1443 1107 1629 1139 concaua
1663 1112 1743 1152 po-

147 1156 229 1197 tius
275 1164 318 1196 et
362 1158 595 1210 continua,
649 1158 890 1199 substantiae
936 1160 1066 1199 dietae
1111 1158 1335 1200 cellulosae
1381 1161 1549 1214 insignis
1585 1162 1741 1205 lamina

145 1220 288 1276 primo
324 1223 486 1276 asped'tu
523 1223 600 1263 effe
636 1223 835 1274 videtur,
870 1222 1105 1273 mistione,
1145 1224 1337 1275 quamuis
1374 1225 1576 1277 modica,
1621 1226 1738 1267 faeta.

144 1282 249 1325 Non
287 1285 343 1325 est
378 1295 532 1327 tamen.
599 1285 671 1326 Est
705 1285 947 1339 superficies
985 1285 1108 1326 huius
1145 1284 1387 1327 substantiae
1410 1315 1423 1338 ‚
1467 1301 1571 1341 quae
1607 1290 1738 1331 inter-

144 1347 297 1388 stitium
327 1350 565 1390 v'niuersum
593 1350 702 1389 inter
733 1351 832 1388 duas
869 1349 1090 1401 portiones
1128 1347 1305 1388 musculi
1342 1350 1543 1390 disti-adias
1580 1354 1734 1405 replet,

140 1411 434 1467 interstitiique
473 1415 654 1453 sormam
690 1412 832 1450 exafte
877 1411 1028 1452 induit.
1098 1412 1214 1451 Haec
1260 1412 1427 1465 planam
1472 1426 1609 1466 ergo,
1661 1426 1734 1456 aut

139 1474 293 1517 leuiter
328 1489 559 1516 concauam
596 1475 636 1514 in
673 1483 790 1528 parte
827 1474 903 1515 hac
939 1474 1142 1526 sublimi,
1185 1475 1255 1514 vbi
1291 1476 1555 1516 interstitium
1592 1479 1731 1519 latissi-

138 1549 256 1577 mum
301 1539 389 1590 est,
442 1538 707 1592 superficiem
753 1536 894 1579 refert.
981 1538 1238 1580 Profundius
1277 1540 1481 1581 continuo
1518 1543 1730 1594 angustior

135 1599 177 1640 in
214 1609 386 1641 tenuem
422 1602 620 1643 laminam
657 1603 862 1654 erediam,
913 1601 1098 1655 reliquas
1137 1602 1314 1642 musculi
1349 1605 1597 1657 portiones,
1637 1620 1723 1647 non

135 1663 373 1716 distractas,
424 1665 498 1709 fibi
542 1676 691 1707 mutuo
729 1665 1024 1707 accumbentes
1049 1695 1062 1718 ‚
1115 1680 1136 1706 a
1171 1666 1210 1706 se
1247 1667 1431 1706 inuicem
1470 1668 1725 1723 distinguen-

133 1735 255 1780 tem,
291 1728 389 1771 abit.
460 1728 598 1770 Color
633 1729 873 1770 substantiae
910 1729 1086 1770 obscure
1134 1729 1289 1784 griseus
1328 1739 1512 1783 apparet.
1582 1733 1722 1773 Idem-

135 1803 216 1845 que
260 1792 598 1844 phoenomenon
633 1793 671 1835 se
706 1793 864 1845 offert,
917 1793 1001 1834 fiue
1047 1793 1277 1834 secundnm
1321 1794 1634 1847 longitudinem
1672 1798 1721 1837 fi-

130 1852 300 1896 brarum
322 1885 334 1907 ,
370 1857 430 1897 vti
466 1858 509 1896 in
546 1858 629 1898 hoe
664 1858 959 1911 experimento
983 1885 996 1908 ‚
1032 1857 1133 1911 (fig.
1174 1870 1213 1896 1.
1256 1857 1350 1909 2.),
1386 1858 1469 1897 fine
1507 1867 1718 1902 transuer-

128 1917 203 1959 fim
237 1920 461 1974 portiones
499 1921 707 1974 musculi,
744 1931 813 1963 aut
847 1921 1060 1962 musculos
1101 1922 1208 1961 duos
1247 1920 1436 1962 diuellas.

322 2014 358 2067 §.
400 2028 469 2055 12.
539 2016 582 2059 Si
620 2017 723 2058 duae
764 2018 985 2072 portiones
1023 2015 1312 2068 musculares,
1368 2018 1587 2059 communi
1624 2020 1710 2060 cel-

124 2076 258 2119 lulosa
294 2078 509 2121 substantia
550 2080 753 2123 obductae
807 2081 948 2134 (Tab.
987 2081 1056 2121 cit.
1092 2080 1164 2133 fig.
1204 2093 1245 2130 3.
1283 2093 1321 2120 a.
1358 2079 1418 2133 b.)
1474 2083 1710 2138 eademque

123 2140 232 2182 inter
266 2143 486 2195 portiones
523 2145 764 2187 continuata
799 2145 1039 2197 distinetae‚
1075 2144 1220 2197 (Tab.
1259 2145 1328 2185 cit.
1366 2144 1437 2198 fig.
1478 2158 1519 2194 3.
1556 2161 1589 2187 c.
1626 2148 1707 2202 d.)‚

120 2205 262 2257 primo
298 2207 467 2248 modice
497 2222 518 2249 a
545 2208 583 2249 se
618 2209 802 2250 inuicem
839 2211 879 2250 in
919 2210 1056 2262 aliqua
1093 2217 1208 2261 parte
1247 2208 1550 2258 distrahuntur3
1590 2212 1706 2252 idem

123 2269 239 2320 quod
275 2269 316 2309 in
357 2272 487 2324 priori
532 2274 823 2326 experimento
869 2273 1207 2326 phoenomenon
1251 2281 1434 2325 apparet.
1518 2275 1703 2317 Muscnli

183 2329 303 2375 Noua
320 2334 425 2379 Abla
442 2335 573 2381 Acad.
594 2337 696 2392 Imp.
717 2337 786 2381 Sc.
805 2338 910 2379 Tom.
936 2335 1006 2377 VI.
1283 2336 1318 2377 L
1351 2335 1367 2377 l
1619 2337 1704 2378 cel-
