2007 2702
660 194 1147 250 =(77)-·-=

383 346 390 351 ·
591 317 695 368 DE
769 317 1213 369 METHODO

173 413 1020 488 TANGENTJVM
1104 414 1636 489 INVERSA

845 534 956 576 AD

296 623 835 685 THEORIAM
924 624 1506 685 SOLIDORVM

636 745 1163 789 TRANSLATA

806 872 996 913 Atldtore

689 946 736 985 L.
787 947 823 986 E
844 947 878 986 V
895 947 928 987 L
945 947 981 987 E
998 946 1036 987 R
1059 947 1111 987 Ο.

476 1115 659 1155 Commu.
703 1116 837 1157 exhib.
875 1119 914 1157 d.
958 1130 978 1154 2
1016 1115 1128 1169 Sept.
1171 1121 1305 1169 1776.

838 1307 874 1361 ς.
916 1321 955 1348 1.

217 1412 549 1453 uemadmodum
585 1413 814 1453 methodus
854 1413 1117 1466 tangentium
1153 1412 1311 1452 inuersa
1349 1411 1534 1453 versatur
1559 1415 1601 1454 in
1629 1414 1692 1455 in-

263 1476 537 1529 vestigatione
581 1477 793 1517 eiusmodi
846 1476 1053 1517 linearum
1100 1489 1358 1524 cut-uarum,
1416 1490 1519 1529 quae
1564 1484 1688 1519 certis

102 1539 448 1592 proprietatibus,
477 1540 639 1580 ratione
676 1540 955 1593 tangentium,
985 1541 1068 1579 fiue
1099 1540 1369 1589 normanum,
1394 1539 1477 1579 fiue
1514 1541 1689 1582 aliarum

103 1602 325 1652 linearum,
345 1616 418 1655 per
448 1604 652 1643 rationem
676 1603 1016 1644 differentialium
1055 1603 1440 1653 determinatarum,
1458 1603 1535 1643 fint
1569 1619 1691 1658 prae-

104 1665 237 1705 ditae:
273 1665 329 1705 ita
363 1665 447 1705 hoc
483 1666 581 1706 loco
618 1667 793 1706 fimilem
830 1668 1081 1707 methodum
1120 1667 1168 1706 ad
1207 1667 1416 1706 theoriam
1454 1667 1687 1710 solidorum

102 1728 191 1768 sum
227 1730 643 1780 accommodaturus⁷
672 1730 726 1770 ita
752 1740 795 1770 vt
816 1731 1025 1771 eiusmodi
1062 1731 1302 1783 superficies
1339 1731 1574 1783 inuestigari
1611 1733 1685 1773 de·
1747 1733 1752 1736 ”

99 1791 255 1842 beant,
294 1791 443 1844 quibus
481 1801 616 1832 certae
653 1806 697 1832 ac
734 1794 1010 1847 praescriptae
1047 1795 1351 1847 proprietatffi,
1387 1795 1549 1835 ratione
1594 1806 1688 1836 tan-

100 1856 316 1907 gentium,
350 1855 419 1894 vel
456 1855 709 1896 normalium
745 1856 1007 1910 aliarumque
1046 1857 1340 1909 quantitatum,
1376 1871 1452 1912 per
1487 1859 1685 1901 differen-

97 1918 260 1958 tialium
294 1918 501 1959 rationem
538 1919 828 1973 definitarum,
864 1923 1133 1961 conueniant.

292 2025 326 2078 ᾗ.
368 2039 406 2065 2.
479 2027 851 2082 Quemadmodum
887 2043 1018 2084 porro
1055 2029 1281 2070 methodus
1320 2031 1581 2083 tangentium
1619 2033 1684 2074 in-

97 2089 211 2130 versa
246 2091 485 2131 communis
522 2092 577 2131 ita
611 2094 661 2133 ad
680 2093 877 2146 Analyfin
915 2107 1060 2147 putam
1097 2094 1288 2134 reuocari
1326 2095 1480 2146 potest,
1502 2106 1545 2135 vt
1574 2098 1682 2139 rela-

97 2153 157 2191 tio
193 2153 300 2193 inter
338 2154 451 2195 binas
500 2157 746 2208 quantitates
790 2158 1009 2198 variabiles
1063 2171 1094 2198 x
1130 2167 1171 2197 et
1202 2170 1234 2207 y
1280 2158 1574 2213 inuestigetur‚
1626 2175 1680 2203 ex

97 2216 189 2256 data
227 2230 476 2272 quacunque
513 2219 715 2259 relatione
752 2221 858 2262 inter
893 2235 1034 2263 earum
1073 2221 1391 2273 differentialia,
1419 2223 1501 2263 fiue
1539 2226 1680 2278 primi,

95 2278 177 2319 fiue
215 2280 372 2321 altioris
409 2284 639 2337 cuiuspiam
675 2285 858 2333 ordini53
886 2286 955 2328 vel
992 2287 1119 2327 etiam
1156 2294 1392 2338 quaeratur,
1417 2289 1546 2341 qualis
1586 2290 1681 2330 fun-

848 2348 888 2388 K
925 2361 947 2397 3
1597 2354 1678 2393 &io
