2007 2702
255 202 312 239 30
787 184 1328 232 HISTOIRE.

322 306 388 361 3.)
425 301 606 347 “Cuius
643 303 809 359 generis
847 312 957 346 terra
990 305 1087 357 illa,
1125 318 1232 360 quae
1267 303 1513 359 praesertim
1549 307 1600 348 ad
1636 305 1857 362 excipien-

451 371 603 423 „dum
640 369 913 424 phlogiston‚
950 369 1026 412 suo
1061 369 1142 411 sale
1178 370 1340 424 fixum,
1376 371 1639 425 requiritur?

320 467 387 522 4.)
433 467 464 492 ί(
483 466 609 508 Unde
647 466 846 506 colorum
883 465 1131 507 diverfitas?
1183 476 1326 508 utrum
1363 481 1384 509 a
1421 467 1581 511 diversa
1620 469 1860 512 eorundem

451 530 814 584 „elementorum
853 529 1098 572 substantiae
1129 531 1361 574 colorantis
1399 532 1641 574 mixtione?
1679 534 1862 575 adiver-

447 595 624 650 „saque
660 595 886 649 phlogisti.,
923 597 1208 650 proportione
1245 596 1334 654 salis
1373 597 1567 651 figentis,
1606 597 1861 650 quantitate?

451 690 483 715 9,
505 673 554 700 an
592 660 735 713 potius
773 673 871 701 cum
909 674 1040 701 unum
1078 660 1239 702 scilicet
1272 661 1455 715 simplex
1490 662 1737 716 phlogiston
1773 672 1863 704 tan-

450 725 730 778 „tummodo
767 724 809 765 in
847 726 1006 766 cunctis
1045 725 1187 779 regnis
1224 735 1395 766 naturae
1433 727 1520 766 dari
1555 727 1778 778 videatur,
1813 726 1863 767 ab

449 818 480 843 9,
502 788 614 843 ipsa,
657 802 791 842 eaque
830 789 941 839 sola,
979 788 1071 828 salis
1108 789 1277 842 figentis
1315 789 1554 831 diverfitate
1576 788 1597 830 22
1633 790 1702 831 vel
1737 789 1865 831 etiam

451 883 482 906 aa
504 867 525 894 a
561 853 797 895 diversitate
833 852 957 893 fimul
993 861 1127 892 terrae
1163 852 1455 907 excipientis?

323 949 385 1002 ς.)
421 948 619 1004 “Qualis
659 948 830 989 tandem
866 947 948 999 sal,
983 955 1056 988 aut
1093 947 1227 1001 qualis
1263 947 1465 1002 phlogisti
1503 962 1601 990 cum
1637 949 1717 991 sale
1755 950 1867 993 mix-

450 1042 481 1067 ‚7
501 1015 562 1053 tio
599 1013 650 1053 ad
684 1012 860 1054 rubrum
898 1013 941 1052 in
977 1011 1115 1065 specie
1153 1011 1377 1064 colorem,
1416 1014 1550 1067 qualis
1589 1015 1639 1056 ad
1676 1016 1865 1057 caerule-

451 1090 606 1130 „um‚
644 1078 715 1118 vel
750 1077 933 1118 viridem
971 1076 1052 1116 δίε.
1089 1077 1419 1130 producendum
1473 1077 1737 1132 requiritur?
1790 1092 1866 1120 ne-

447 1170 478 1195 9,
501 1155 582 1195 que
629 1142 742 1183 enim
790 1143 876 1183 hoc
913 1141 1040 1182 etiam
1086 1141 1392 1195 experimentis
1428 1143 1581 1195 variis,
1634 1144 1865 1198 prudenter

452 1235 483 1259 aa
504 1206 980 1260 institutis.,·invenire‚
1032 1205 1155 1261 supra
1190 1206 1301 1248 vires
1337 1206 1542 1248 humanas
1580 1207 1659 1249 effe
1694 1207 1868 1250 Acade-

454 1300 485 1324 „
505 1272 588 1312 mia
623 1271 860 1313 arbitratur.
874 1272 906 1296 ‘¹‘

455 1386 611 1428 Invitat
652 1387 889 1429 Academia
937 1386 1218 1429 Scientiarum
1261 1386 1377 1429 viros
1423 1386 1619 1429 omnium
1673 1387 1868 1442 gentium

265 1449 439 1502 doctos,
494 1463 540 1492 ut
583 1452 777 1506 responsa
823 1454 891 1493 sua
927 1462 969 1492 et
1005 1453 1190 1506 cogitata
1226 1462 1321 1494 ante
1361 1450 1570 1494 Calendas
1607 1452 1865 1494 Decembris

261 1513 542 1558 MDCCXC.
581 1518 891 1569 transmittant,
948 1531 1132 1571 quorum
1170 1530 1243 1569 ea,
1300 1530 1405 1571 quae
1451 1518 1658 1559 iudicium
1695 1518 1868 1559 Acade-

263 1580 475 1621 micorum
513 1580 736 1636 Petropoli
771 1582 1054 1623 habitantium
1106 1581 1283 1635 (quibus
1320 1596 1538 1637 nunquam
1579 1583 1720 1638 palma
1754 1582 1869 1624 Aca-

266 1643 431 1685 demiae
468 1646 717 1700 concurrit)
771 1647 945 1688 caeteris
983 1646 1281 1700 praestantiora
1316 1656 1358 1688 et
1394 1648 1693 1702 adaequatiora
1728 1646 1868 1688 decla-

265 1708 398 1760 rabir,
433 1712 624 1763 praemio
663 1721 834 1752 centum
872 1724 1150 1752 nummorum
1185 1723 1440 1766 aureorum,
1477 1726 1586 1766 quos
1621 1713 1755 1767 vulgo
1773 1711 1868 1753 Du-

268 1782 385 1815 catos
423 1775 626 1829 Belgicos
665 1775 905 1832 appellant,
943 1773 1316 1817 condecorabitur.

1699 2365 1868 2413 Extrait
