<?xml version="1.0" encoding="UTF-8"?>
<!DOCTYPE html PUBLIC "-//W3C//DTD XHTML 1.0 Transitional//EN"
    "http://www.w3.org/TR/xhtml1/DTD/xhtml1-transitional.dtd">
<html xmlns="http://www.w3.org/1999/xhtml" xml:lang="en" lang="en">
 <head>
  <title>
</title>
<meta http-equiv="Content-Type" content="text/html;charset=utf-8" />
  <meta name='ocr-system' content='tesseract 3.04.00' />
  <meta name='ocr-capabilities' content='ocr_page ocr_carea ocr_par ocr_line ocrx_word'/>
</head>
<body>
  <div class='ocr_page' id='page_1' title='image "./novaactaacademia06impe_0393.png"; bbox 0 0 2007 2702; ppageno 0'>
   <div class='ocr_carea' id='block_1_1' title="bbox 692 215 1214 271">
    <p class='ocr_par' dir='ltr' id='par_1_1' title="bbox 692 215 1214 271">
     <span class='ocr_line' id='line_1_1' title="bbox 692 215 1214 271; baseline 0.002 -1"><span class='ocrx_word' id='word_1_1' title='bbox 692 230 843 243; x_wconf 85' lang='grc'><strong>--</strong></span> <span class='ocrx_word' id='word_1_2' title='bbox 876 215 1029 271; x_wconf 81' lang='lat'>(253)</span> <span class='ocrx_word' id='word_1_3' title='bbox 1064 232 1214 245; x_wconf 88' lang='lat'>·······</span> 
     </span>
    </p>
   </div>
   <div class='ocr_carea' id='block_1_2' title="bbox 692 245 844 256">
    <p class='ocr_par' dir='ltr' id='par_1_2' title="bbox 692 245 844 256">
     <span class='ocr_line' id='line_1_2' title="bbox 692 245 844 256; baseline 0 2446"><span class='ocrx_word' id='word_1_4' title='bbox 692 245 844 256; x_wconf 95' lang='lat' dir='ltr'><strong> </strong></span> 
     </span>
    </p>
   </div>
   <div class='ocr_carea' id='block_1_3' title="bbox 1064 248 1214 256">
    <p class='ocr_par' dir='ltr' id='par_1_3' title="bbox 1064 248 1214 256">
     <span class='ocr_line' id='line_1_3' title="bbox 1064 248 1214 256; baseline 0 2446"><span class='ocrx_word' id='word_1_5' title='bbox 1064 248 1214 256; x_wconf 95' lang='lat' dir='ltr'><strong> </strong></span> 
     </span>
    </p>
   </div>
   <div class='ocr_carea' id='block_1_4' title="bbox 131 327 1752 512">
    <p class='ocr_par' dir='ltr' id='par_1_4' title="bbox 131 327 1752 512">
     <span class='ocr_line' id='line_1_4' title="bbox 131 327 1750 383; baseline -0.002 -11"><span class='ocrx_word' id='word_1_6' title='bbox 131 328 240 372; x_wconf 85' lang='lat' dir='ltr'>-lam</span> <span class='ocrx_word' id='word_1_7' title='bbox 275 341 327 371; x_wconf 89' lang='lat' dir='ltr'><strong>eo</strong></span> <span class='ocrx_word' id='word_1_8' title='bbox 361 327 545 381; x_wconf 80' lang='lat' dir='ltr'><strong>referre,</strong></span> <span class='ocrx_word' id='word_1_9' title='bbox 580 340 678 369; x_wconf 90' lang='lat' dir='ltr'><strong>cum</strong></span> <span class='ocrx_word' id='word_1_10' title='bbox 713 328 819 369; x_wconf 88' lang='lat' dir='ltr'>mihi</span> <span class='ocrx_word' id='word_1_11' title='bbox 853 329 1134 382; x_wconf 82' lang='lat' dir='ltr'>proprietates</span> <span class='ocrx_word' id='word_1_12' title='bbox 1169 329 1281 369; x_wconf 88' lang='lat' dir='ltr'><strong>illius</strong></span> <span class='ocrx_word' id='word_1_13' title='bbox 1319 342 1395 383; x_wconf 88' lang='lat' dir='ltr'><strong>per</strong></span> <span class='ocrx_word' id='word_1_14' title='bbox 1429 328 1639 370; x_wconf 83' lang='lat' dir='ltr'>chemiam</span> <span class='ocrx_word' id='word_1_15' title='bbox 1677 327 1750 369; x_wconf 89' lang='lat' dir='ltr'><strong>de-</strong></span> 
     </span>
     <span class='ocr_line' id='line_1_5' title="bbox 133 392 1752 449; baseline -0.001 -14"><span class='ocrx_word' id='word_1_16' title='bbox 133 395 360 449; x_wconf 80' lang='lat' dir='ltr'>-tegendae</span> <span class='ocrx_word' id='word_1_17' title='bbox 395 393 533 433; x_wconf 87' lang='lat' dir='ltr'>adhuc</span> <span class='ocrx_word' id='word_1_18' title='bbox 570 393 671 433; x_wconf 89' lang='lat' dir='ltr'><strong>dum</strong></span> <span class='ocrx_word' id='word_1_19' title='bbox 704 393 873 446; x_wconf 83' lang='lat' dir='ltr'>ignotae</span> <span class='ocrx_word' id='word_1_20' title='bbox 910 392 1002 445; x_wconf 69' lang='lat' dir='ltr'>sint,</span> <span class='ocrx_word' id='word_1_21' title='bbox 1037 392 1122 446; x_wconf 86' lang='lat' dir='ltr'>ipse</span> <span class='ocrx_word' id='word_1_22' title='bbox 1159 403 1297 434; x_wconf 83' lang='lat' dir='ltr'>autem</span> <span class='ocrx_word' id='word_1_23' title='bbox 1327 395 1635 447; x_wconf 82' lang='lat' dir='ltr'><strong>experimenta,</strong></span> <span class='ocrx_word' id='word_1_24' title='bbox 1656 406 1752 435; x_wconf 87' lang='lat' dir='ltr'><strong>om-</strong></span> 
     </span>
     <span class='ocr_line' id='line_1_6' title="bbox 155 456 1431 512; baseline -0.002 -11"><span class='ocrx_word' id='word_1_25' title='bbox 155 458 200 501; x_wconf 72' lang='lat' dir='ltr'><strong>ni</strong></span> <span class='ocrx_word' id='word_1_26' title='bbox 234 457 393 500; x_wconf 86' lang='lat' dir='ltr'><strong>auxilio</strong></span> <span class='ocrx_word' id='word_1_27' title='bbox 428 456 662 510; x_wconf 79' lang='lat' dir='ltr'>destitutus,</span> <span class='ocrx_word' id='word_1_28' title='bbox 696 457 816 497; x_wconf 90' lang='lat' dir='ltr'>nullo</span> <span class='ocrx_word' id='word_1_29' title='bbox 853 459 986 497; x_wconf 88' lang='lat' dir='ltr'>modo</span> <span class='ocrx_word' id='word_1_30' title='bbox 1022 457 1232 498; x_wconf 83' lang='lat' dir='ltr'><strong>instituere</strong></span> <span class='ocrx_word' id='word_1_31' title='bbox 1268 459 1431 512; x_wconf 82' lang='lat' dir='ltr'><strong>poffim.</strong></span> 
     </span>
    </p>
   </div>
   <div class='ocr_carea' id='block_1_5' title="bbox 157 550 1752 669">
    <p class='ocr_par' dir='ltr' id='par_1_5' title="bbox 157 550 1752 669">
     <span class='ocr_line' id='line_1_7' title="bbox 349 550 1752 609; baseline 0.001 -15"><span class='ocrx_word' id='word_1_32' title='bbox 349 551 593 594; x_wconf 89' lang='lat' dir='ltr'>Secundum</span> <span class='ocrx_word' id='word_1_33' title='bbox 647 550 841 594; x_wconf 79' lang='lat' dir='ltr'><strong>Celeber.</strong></span> <span class='ocrx_word' id='word_1_34' title='bbox 887 553 1206 606; x_wconf 78' lang='lat' dir='ltr'><strong>Bergmannum</strong></span> <span class='ocrx_word' id='word_1_35' title='bbox 1260 553 1443 608; x_wconf 79' lang='lat' dir='ltr'>denique</span> <span class='ocrx_word' id='word_1_36' title='bbox 1480 563 1522 595; x_wconf 87' lang='lat' dir='ltr'><strong>et</strong></span> <span class='ocrx_word' id='word_1_37' title='bbox 1557 554 1752 609; x_wconf 80' lang='lat' dir='ltr'><strong>Smarag-</strong></span> 
     </span>
     <span class='ocr_line' id='line_1_8' title="bbox 157 616 1383 669; baseline 0 -12"><span class='ocrx_word' id='word_1_38' title='bbox 157 616 259 657; x_wconf 89' lang='lat' dir='ltr'><strong>dum</strong></span> <span class='ocrx_word' id='word_1_39' title='bbox 295 628 317 657; x_wconf 84' lang='lat' dir='ltr'>a</span> <span class='ocrx_word' id='word_1_40' title='bbox 351 616 559 659; x_wconf 79' lang='lat' dir='ltr'><strong>Schoerlo</strong></span> <span class='ocrx_word' id='word_1_41' title='bbox 595 629 681 657; x_wconf 84' lang='lat' dir='ltr'><strong>non</strong></span> <span class='ocrx_word' id='word_1_42' title='bbox 718 617 840 658; x_wconf 85' lang='lat' dir='ltr'>valde</span> <span class='ocrx_word' id='word_1_43' title='bbox 876 616 1088 657; x_wconf 85' lang='lat' dir='ltr'><strong>diuersum</strong></span> <span class='ocrx_word' id='word_1_44' title='bbox 1123 616 1219 668; x_wconf 79' lang='lat' dir='ltr'>esse,</span> <span class='ocrx_word' id='word_1_45' title='bbox 1255 626 1383 669; x_wconf 80' lang='lat' dir='ltr'><strong>patet.</strong></span> 
     </span>
    </p>
   </div>
   <div class='ocr_carea' id='block_1_6' title="bbox 647 735 1227 802">
    <p class='ocr_par' dir='ltr' id='par_1_6' title="bbox 647 735 1227 802">
     <span class='ocr_line' id='line_1_9' title="bbox 647 735 1227 802; baseline -0.005 -16"><span class='ocrx_word' id='word_1_46' title='bbox 647 744 650 747; x_wconf 74' lang='grc'>’</span> <span class='ocrx_word' id='word_1_47' title='bbox 675 735 956 802; x_wconf 80' lang='lat' dir='ltr'><strong>Specierum</strong></span> <span class='ocrx_word' id='word_1_48' title='bbox 990 738 1227 788; x_wconf 81' lang='lat' dir='ltr'>definitio.</span> 
     </span>
    </p>
   </div>
   <div class='ocr_carea' id='block_1_7' title="bbox 135 837 1752 1146">
    <p class='ocr_par' dir='ltr' id='par_1_7' title="bbox 135 837 1752 1146">
     <span class='ocr_line' id='line_1_10' title="bbox 349 837 1750 892; baseline 0.003 -15"><span class='ocrx_word' id='word_1_49' title='bbox 349 838 385 890; x_wconf 59' lang='grc' dir='ltr'><strong>ᾗ.</strong></span> <span class='ocrx_word' id='word_1_50' title='bbox 427 851 496 877; x_wconf 90' lang='lat'><strong>10.</strong></span> <span class='ocrx_word' id='word_1_51' title='bbox 565 838 683 878; x_wconf 83' lang='lat' dir='ltr'>Haec</span> <span class='ocrx_word' id='word_1_52' title='bbox 718 838 861 891; x_wconf 74' lang='lat' dir='ltr'><strong>igitur,</strong></span> <span class='ocrx_word' id='word_1_53' title='bbox 884 850 987 891; x_wconf 79' lang='lat' dir='ltr'>quae</span> <span class='ocrx_word' id='word_1_54' title='bbox 1025 837 1269 892; x_wconf 72' lang='lat' dir='ltr'><strong>sequuntur¹&gt;</strong></span> <span class='ocrx_word' id='word_1_55' title='bbox 1293 839 1457 879; x_wconf 74' lang='lat' dir='ltr'>nisime</span> <span class='ocrx_word' id='word_1_56' title='bbox 1495 841 1639 881; x_wconf 78' lang='lat' dir='ltr'>omnia</span> <span class='ocrx_word' id='word_1_57' title='bbox 1674 840 1750 881; x_wconf 81' lang='lat' dir='ltr'>fal-</span> 
     </span>
     <span class='ocr_line' id='line_1_11' title="bbox 135 896 1752 956; baseline -0.001 -11"><span class='ocrx_word' id='word_1_58' title='bbox 135 896 282 954; x_wconf 49' lang='lat' dir='ltr'>¹lunt,</span> <span class='ocrx_word' id='word_1_59' title='bbox 318 903 367 942; x_wconf 86' lang='lat' dir='ltr'><strong>ad</strong></span> <span class='ocrx_word' id='word_1_60' title='bbox 405 902 660 943; x_wconf 87' lang='lat' dir='ltr'><strong>Schoerlum</strong></span> <span class='ocrx_word' id='word_1_61' title='bbox 696 902 938 942; x_wconf 78' lang='lat' dir='ltr'><strong>referendas</strong></span> <span class='ocrx_word' id='word_1_62' title='bbox 975 902 1054 941; x_wconf 70' lang='lat' dir='ltr'><strong>esse</strong></span> <span class='ocrx_word' id='word_1_63' title='bbox 1090 903 1259 952; x_wconf 75' lang='lat' dir='ltr'>iudico,</span> <span class='ocrx_word' id='word_1_64' title='bbox 1296 903 1335 942; x_wconf 85' lang='lat' dir='ltr'><strong>in</strong></span> <span class='ocrx_word' id='word_1_65' title='bbox 1378 917 1552 956; x_wconf 82' lang='lat' dir='ltr'><strong>quarum</strong></span> <span class='ocrx_word' id='word_1_66' title='bbox 1590 904 1752 944; x_wconf 81' lang='lat' dir='ltr'>claffifi·</span> 
     </span>
     <span class='ocr_line' id='line_1_12' title="bbox 158 964 1752 1020; baseline -0.001 -11"><span class='ocrx_word' id='word_1_67' title='bbox 158 967 324 1010; x_wconf 84' lang='lat' dir='ltr'>catione</span> <span class='ocrx_word' id='word_1_68' title='bbox 360 964 794 1013; x_wconf 12' lang='lat' dir='ltr'><strong>Methodumbceleb.</strong></span> <span class='ocrx_word' id='word_1_69' title='bbox 831 965 1005 1004; x_wconf 80' lang='lat' dir='ltr'>Linnaei</span> <span class='ocrx_word' id='word_1_70' title='bbox 1044 964 1204 1005; x_wconf 86' lang='lat' dir='ltr'><strong>secutus</strong></span> <span class='ocrx_word' id='word_1_71' title='bbox 1244 967 1416 1007; x_wconf 81' lang='lat' dir='ltr'>nomina</span> <span class='ocrx_word' id='word_1_72' title='bbox 1451 967 1640 1020; x_wconf 80' lang='lat' dir='ltr'>specifica</span> <span class='ocrx_word' id='word_1_73' title='bbox 1678 980 1752 1020; x_wconf 87' lang='lat' dir='ltr'><strong>ge-</strong></span> 
     </span>
     <span class='ocr_line' id='line_1_13' title="bbox 157 1027 1751 1084; baseline 0 -13"><span class='ocrx_word' id='word_1_74' title='bbox 157 1031 304 1074; x_wconf 84' lang='lat' dir='ltr'><strong>nerico</strong></span> <span class='ocrx_word' id='word_1_75' title='bbox 341 1028 531 1069; x_wconf 82' lang='lat' dir='ltr'>addenda</span> <span class='ocrx_word' id='word_1_76' title='bbox 567 1027 726 1078; x_wconf 73' lang='lat' dir='ltr'><strong>curaui,</strong></span> <span class='ocrx_word' id='word_1_77' title='bbox 764 1028 877 1080; x_wconf 91' lang='lat' dir='ltr'>quod</span> <span class='ocrx_word' id='word_1_78' title='bbox 916 1028 1088 1081; x_wconf 87' lang='lat' dir='ltr'>quidem</span> <span class='ocrx_word' id='word_1_79' title='bbox 1125 1042 1174 1069; x_wconf 83' lang='lat' dir='ltr'><strong>an</strong></span> <span class='ocrx_word' id='word_1_80' title='bbox 1214 1029 1318 1071; x_wconf 85' lang='lat' dir='ltr'><strong>bene</strong></span> <span class='ocrx_word' id='word_1_81' title='bbox 1356 1031 1751 1084; x_wconf 61' lang='lat' dir='ltr'><strong>tentarhmdoe&#39;fio-</strong></span> 
     </span>
     <span class='ocr_line' id='line_1_14' title="bbox 135 1091 1123 1146; baseline -0.005 -9"><span class='ocrx_word' id='word_1_82' title='bbox 135 1094 253 1138; x_wconf 59' lang='lat' dir='ltr'><strong>&gt;r&#39;um</strong></span> <span class='ocrx_word' id='word_1_83' title='bbox 286 1093 492 1134; x_wconf 84' lang='lat' dir='ltr'>iudicium</span> <span class='ocrx_word' id='word_1_84' title='bbox 527 1091 636 1131; x_wconf 86' lang='lat' dir='ltr'>esto:</span> <span class='ocrx_word' id='word_1_85' title='bbox 683 1099 725 1130; x_wconf 88' lang='lat' dir='ltr'><strong>et</strong></span> <span class='ocrx_word' id='word_1_86' title='bbox 758 1091 897 1144; x_wconf 80' lang='lat' dir='ltr'><strong>primo</strong></span> <span class='ocrx_word' id='word_1_87' title='bbox 936 1092 1123 1146; x_wconf 83' lang='lat' dir='ltr'><strong>quidem.</strong></span> 
     </span>
    </p>
   </div>
   <div class='ocr_carea' id='block_1_8' title="bbox 219 1186 1751 1562">
    <p class='ocr_par' dir='ltr' id='par_1_8' title="bbox 219 1186 1751 1562">
     <span class='ocr_line' id='line_1_15' title="bbox 219 1186 1751 1244; baseline 0 -14"><span class='ocrx_word' id='word_1_88' title='bbox 219 1188 268 1232; x_wconf 82' lang='lat' dir='ltr'><strong>S.</strong></span> <span class='ocrx_word' id='word_1_89' title='bbox 293 1187 461 1243; x_wconf 71' lang='lat' dir='ltr'><strong>solidus.</strong></span> <span class='ocrx_word' id='word_1_90' title='bbox 527 1186 747 1228; x_wconf 84' lang='lat' dir='ltr'><strong>Particulis</strong></span> <span class='ocrx_word' id='word_1_91' title='bbox 784 1186 852 1226; x_wconf 85' lang='lat' dir='ltr'><strong>vel</strong></span> <span class='ocrx_word' id='word_1_92' title='bbox 887 1186 1067 1227; x_wconf 81' lang='lat' dir='ltr'>lamellis</span> <span class='ocrx_word' id='word_1_93' title='bbox 1104 1189 1316 1230; x_wconf 71' lang='lat' dir='ltr'>arffiffime</span> <span class='ocrx_word' id='word_1_94' title='bbox 1354 1191 1521 1241; x_wconf 68' lang='lat' dir='ltr'>iunffis,</span> <span class='ocrx_word' id='word_1_95' title='bbox 1556 1190 1687 1244; x_wconf 81' lang='lat' dir='ltr'>figura</span> <span class='ocrx_word' id='word_1_96' title='bbox 1707 1198 1751 1230; x_wconf 87' lang='lat' dir='ltr'><strong>et</strong></span> 
     </span>
     <span class='ocr_line' id='line_1_16' title="bbox 349 1250 1750 1308; baseline 0.001 -16"><span class='ocrx_word' id='word_1_97' title='bbox 349 1252 428 1293; x_wconf 85' lang='lat' dir='ltr'><strong>fitu</strong></span> <span class='ocrx_word' id='word_1_98' title='bbox 456 1251 725 1308; x_wconf 13' lang='lat' dir='ltr'><strong>*indr&#39;stind‘tist</strong></span> <span class='ocrx_word' id='word_1_99' title='bbox 761 1250 942 1303; x_wconf 78' lang='lat' dir='ltr'><strong>grauitas</strong></span> <span class='ocrx_word' id='word_1_100' title='bbox 978 1252 1090 1292; x_wconf 86' lang='lat' dir='ltr'>illius</span> <span class='ocrx_word' id='word_1_101' title='bbox 1128 1251 1321 1306; x_wconf 84' lang='lat' dir='ltr'>specifica</span> <span class='ocrx_word' id='word_1_102' title='bbox 1355 1255 1410 1295; x_wconf 86' lang='lat' dir='ltr'><strong>est</strong></span> <span class='ocrx_word' id='word_1_103' title='bbox 1445 1256 1495 1296; x_wconf 82' lang='lat' dir='ltr'><strong>ad</strong></span> <span class='ocrx_word' id='word_1_104' title='bbox 1519 1268 1667 1307; x_wconf 84' lang='lat' dir='ltr'>aquam</span> <span class='ocrx_word' id='word_1_105' title='bbox 1688 1253 1750 1294; x_wconf 86' lang='lat' dir='ltr'><strong>vti</strong></span> 
     </span>
     <span class='ocr_line' id='line_1_17' title="bbox 356 1313 1749 1372; baseline 0.003 -19"><span class='ocrx_word' id='word_1_106' title='bbox 356 1327 707 1367; x_wconf 59' lang='lat'><strong>39200217000.</strong></span> <span class='ocrx_word' id='word_1_107' title='bbox 793 1313 932 1355; x_wconf 82' lang='lat' dir='ltr'><strong>Color</strong></span> <span class='ocrx_word' id='word_1_108' title='bbox 972 1316 1117 1355; x_wconf 79' lang='lat' dir='ltr'><strong>viridis</strong></span> <span class='ocrx_word' id='word_1_109' title='bbox 1153 1317 1222 1356; x_wconf 87' lang='lat' dir='ltr'><strong>vel</strong></span> <span class='ocrx_word' id='word_1_110' title='bbox 1258 1318 1518 1370; x_wconf 79' lang='lat' dir='ltr'>nigrescens:</span> <span class='ocrx_word' id='word_1_111' title='bbox 1571 1317 1749 1372; x_wconf 85' lang='lat' dir='ltr'><strong>Reperi-</strong></span> 
     </span>
     <span class='ocr_line' id='line_1_18' title="bbox 351 1378 1744 1432; baseline 0.001 -13"><span class='ocrx_word' id='word_1_112' title='bbox 351 1390 418 1419; x_wconf 89' lang='lat' dir='ltr'><strong>tur</strong></span> <span class='ocrx_word' id='word_1_113' title='bbox 451 1387 616 1432; x_wconf 77' lang='lat' dir='ltr'><strong>praeter</strong></span> <span class='ocrx_word' id='word_1_114' title='bbox 651 1378 844 1418; x_wconf 78' lang='lat' dir='ltr'>Sueciam</span> <span class='ocrx_word' id='word_1_115' title='bbox 867 1406 880 1427; x_wconf 72' lang='lat'><em>⁷</em></span> <span class='ocrx_word' id='word_1_116' title='bbox 923 1378 966 1417; x_wconf 87' lang='lat' dir='ltr'><strong>in</strong></span> <span class='ocrx_word' id='word_1_117' title='bbox 1001 1378 1472 1422; x_wconf 83' lang='lat' dir='ltr'><strong>Ehrenfriedersdorfio</strong></span> <span class='ocrx_word' id='word_1_118' title='bbox 1510 1380 1744 1432; x_wconf 82' lang='lat' dir='ltr'>Saxoniae‚</span> 
     </span>
     <span class='ocr_line' id='line_1_19' title="bbox 351 1439 1747 1494; baseline 0.001 -10"><span class='ocrx_word' id='word_1_119' title='bbox 351 1442 517 1485; x_wconf 79' lang='lat' dir='ltr'>Silefiae</span> <span class='ocrx_word' id='word_1_120' title='bbox 554 1443 594 1480; x_wconf 87' lang='lat' dir='ltr'><strong>in</strong></span> <span class='ocrx_word' id='word_1_121' title='bbox 631 1441 729 1479; x_wconf 85' lang='lat' dir='ltr'>vieo</span> <span class='ocrx_word' id='word_1_122' title='bbox 766 1439 995 1494; x_wconf 81' lang='lat' dir='ltr'><strong>Querbach</strong></span> <span class='ocrx_word' id='word_1_123' title='bbox 1018 1470 1032 1493; x_wconf 80' lang='lat'><strong>‚</strong></span> <span class='ocrx_word' id='word_1_124' title='bbox 1084 1442 1126 1481; x_wconf 89' lang='lat' dir='ltr'><strong>in</strong></span> <span class='ocrx_word' id='word_1_125' title='bbox 1165 1442 1309 1485; x_wconf 78' lang='lat' dir='ltr'><strong>Uralia</strong></span> <span class='ocrx_word' id='word_1_126' title='bbox 1345 1445 1396 1486; x_wconf 83' lang='lat' dir='ltr'><strong>ad</strong></span> <span class='ocrx_word' id='word_1_127' title='bbox 1434 1445 1613 1487; x_wconf 78' lang='lat' dir='ltr'>Sosnam</span> <span class='ocrx_word' id='word_1_128' title='bbox 1649 1445 1747 1486; x_wconf 85' lang='lat' dir='ltr'>teste</span> 
     </span>
     <span class='ocr_line' id='line_1_20' title="bbox 353 1503 1748 1562; baseline 0.004 -17"><span class='ocrx_word' id='word_1_129' title='bbox 353 1506 534 1545; x_wconf 86' lang='lat' dir='ltr'><strong>celeber.</strong></span> <span class='ocrx_word' id='word_1_130' title='bbox 571 1503 703 1544; x_wconf 79' lang='lat' dir='ltr'>Pallas</span> <span class='ocrx_word' id='word_1_131' title='bbox 742 1514 784 1543; x_wconf 85' lang='lat' dir='ltr'><strong>et</strong></span> <span class='ocrx_word' id='word_1_132' title='bbox 819 1505 868 1545; x_wconf 83' lang='lat' dir='ltr'><strong>ad</strong></span> <span class='ocrx_word' id='word_1_133' title='bbox 903 1505 1018 1546; x_wconf 86' lang='lat' dir='ltr'>littus</span> <span class='ocrx_word' id='word_1_134' title='bbox 1056 1506 1215 1547; x_wconf 78' lang='lat' dir='ltr'>Baikali</span> <span class='ocrx_word' id='word_1_135' title='bbox 1251 1518 1294 1547; x_wconf 87' lang='lat' dir='ltr'><strong>et</strong></span> <span class='ocrx_word' id='word_1_136' title='bbox 1329 1507 1356 1547; x_wconf 93' lang='lat' dir='ltr'><strong>s.</strong></span> <span class='ocrx_word' id='word_1_137' title='bbox 1391 1523 1433 1562; x_wconf 93' lang='lat' dir='ltr'><strong>p.</strong></span> <span class='ocrx_word' id='word_1_138' title='bbox 1490 1509 1586 1550; x_wconf 70' lang='lat' dir='ltr'><strong>vide</strong></span> <span class='ocrx_word' id='word_1_139' title='bbox 1637 1510 1748 1550; x_wconf 84' lang='lat' dir='ltr'><strong>inter</strong></span> 
     </span>
    </p>
   </div>
   <div class='ocr_carea' id='block_1_9' title="bbox 350 1565 1746 1685">
    <p class='ocr_par' dir='ltr' id='par_1_9' title="bbox 350 1565 1746 1685">
     <span class='ocr_line' id='line_1_21' title="bbox 351 1565 1746 1628; baseline 0.004 -20"><span class='ocrx_word' id='word_1_140' title='bbox 351 1569 456 1608; x_wconf 80' lang='lat' dir='ltr'>alios</span> <span class='ocrx_word' id='word_1_141' title='bbox 495 1565 658 1608; x_wconf 87' lang='lat' dir='ltr'><strong>Cronst.</strong></span> <span class='ocrx_word' id='word_1_142' title='bbox 695 1567 850 1609; x_wconf 86' lang='lat' dir='ltr'><strong>Miner.</strong></span> <span class='ocrx_word' id='word_1_143' title='bbox 879 1578 921 1608; x_wconf 85' lang='lat' dir='ltr'><strong>et</strong></span> <span class='ocrx_word' id='word_1_144' title='bbox 949 1570 1164 1611; x_wconf 78' lang='lat' dir='ltr'><strong>Brunnich</strong></span> <span class='ocrx_word' id='word_1_145' title='bbox 1193 1571 1351 1612; x_wconf 83' lang='lat' dir='ltr'><strong>Miner.</strong></span> <span class='ocrx_word' id='word_1_146' title='bbox 1381 1570 1629 1628; x_wconf 73' lang='lat' dir='ltr'><strong>verdeutscht</strong></span> <span class='ocrx_word' id='word_1_147' title='bbox 1655 1584 1746 1614; x_wconf 84' lang='lat' dir='ltr'><strong>vom</strong></span> 
     </span>
     <span class='ocr_line' id='line_1_22' title="bbox 350 1628 826 1685; baseline 0 -14"><span class='ocrx_word' id='word_1_148' title='bbox 350 1630 483 1671; x_wconf 57' lang='lat' dir='ltr'><strong>Herrn</strong></span> <span class='ocrx_word' id='word_1_149' title='bbox 518 1628 628 1685; x_wconf 82' lang='lat' dir='ltr'><strong>Prof.</strong></span> <span class='ocrx_word' id='word_1_150' title='bbox 666 1629 826 1683; x_wconf 79' lang='lat' dir='ltr'><strong>Georgi.</strong></span> 
     </span>
    </p>
   </div>
   <div class='ocr_carea' id='block_1_10' title="bbox 219 1725 1746 2299">
    <p class='ocr_par' dir='ltr' id='par_1_10' title="bbox 219 1725 1746 2299">
     <span class='ocr_line' id='line_1_23' title="bbox 219 1725 1744 1787; baseline 0.006 -20"><span class='ocrx_word' id='word_1_151' title='bbox 219 1727 269 1769; x_wconf 91' lang='lat' dir='ltr'><strong>S.</strong></span> <span class='ocrx_word' id='word_1_152' title='bbox 295 1725 491 1783; x_wconf 70' lang='lat' dir='ltr'><em>spatofits.</em></span> <span class='ocrx_word' id='word_1_153' title='bbox 557 1727 755 1767; x_wconf 72' lang='lat' dir='ltr'>Lamellis</span> <span class='ocrx_word' id='word_1_154' title='bbox 794 1728 986 1770; x_wconf 70' lang='lat' dir='ltr'>distinffis</span> <span class='ocrx_word' id='word_1_155' title='bbox 1011 1759 1024 1781; x_wconf 81' lang='lat'><strong>.‚</strong></span> <span class='ocrx_word' id='word_1_156' title='bbox 1068 1730 1200 1784; x_wconf 79' lang='lat' dir='ltr'>figura</span> <span class='ocrx_word' id='word_1_157' title='bbox 1235 1732 1487 1787; x_wconf 83' lang='lat' dir='ltr'><strong>plerumque</strong></span> <span class='ocrx_word' id='word_1_158' title='bbox 1521 1733 1744 1783; x_wconf 81' lang='lat' dir='ltr'><strong>rhombea,</strong></span> 
     </span>
     <span class='ocr_line' id='line_1_24' title="bbox 354 1790 1746 1849; baseline 0.006 -17"><span class='ocrx_word' id='word_1_159' title='bbox 354 1790 544 1832; x_wconf 78' lang='lat' dir='ltr'><strong>Grauitas</strong></span> <span class='ocrx_word' id='word_1_160' title='bbox 590 1791 699 1831; x_wconf 84' lang='lat' dir='ltr'>illius</span> <span class='ocrx_word' id='word_1_161' title='bbox 744 1790 935 1845; x_wconf 80' lang='lat' dir='ltr'>specifica</span> <span class='ocrx_word' id='word_1_162' title='bbox 979 1794 1030 1835; x_wconf 84' lang='lat' dir='ltr'><strong>ad</strong></span> <span class='ocrx_word' id='word_1_163' title='bbox 1074 1808 1223 1847; x_wconf 80' lang='lat' dir='ltr'>aquam</span> <span class='ocrx_word' id='word_1_164' title='bbox 1268 1797 1324 1837; x_wconf 86' lang='lat' dir='ltr'><strong>est</strong></span> <span class='ocrx_word' id='word_1_165' title='bbox 1357 1799 1417 1838; x_wconf 84' lang='lat' dir='ltr'><strong>vti</strong></span> <span class='ocrx_word' id='word_1_166' title='bbox 1454 1810 1625 1849; x_wconf 52' lang='lat'><strong>37:300,</strong></span> <span class='ocrx_word' id='word_1_167' title='bbox 1676 1808 1746 1848; x_wconf 76' lang='lat' dir='ltr'><strong>vel</strong></span> 
     </span>
     <span class='ocr_line' id='line_1_25' title="bbox 356 1854 1746 1916; baseline 0.009 -25"><span class='ocrx_word' id='word_1_168' title='bbox 356 1867 684 1905; x_wconf 81' lang='lat'><strong>3‚400:1000.</strong></span> <span class='ocrx_word' id='word_1_169' title='bbox 751 1854 986 1898; x_wconf 73' lang='lat' dir='ltr'><strong>Varietates</strong></span> <span class='ocrx_word' id='word_1_170' title='bbox 1024 1859 1249 1900; x_wconf 84' lang='lat' dir='ltr'>confistunt</span> <span class='ocrx_word' id='word_1_171' title='bbox 1282 1861 1324 1900; x_wconf 85' lang='lat' dir='ltr'><strong>in</strong></span> <span class='ocrx_word' id='word_1_172' title='bbox 1361 1863 1524 1913; x_wconf 83' lang='lat' dir='ltr'><strong>colore,</strong></span> <span class='ocrx_word' id='word_1_173' title='bbox 1562 1863 1632 1914; x_wconf 90' lang='lat' dir='ltr'><strong>qui</strong></span> <span class='ocrx_word' id='word_1_174' title='bbox 1654 1865 1746 1916; x_wconf 83' lang='lat' dir='ltr'><strong>ple-</strong></span> 
     </span>
     <span class='ocr_line' id='line_1_26' title="bbox 351 1919 1705 1976; baseline 0.008 -19"><span class='ocrx_word' id='word_1_175' title='bbox 351 1931 531 1971; x_wconf 85' lang='lat' dir='ltr'><strong>rumque</strong></span> <span class='ocrx_word' id='word_1_176' title='bbox 582 1919 831 1960; x_wconf 84' lang='lat' dir='ltr'><strong>viridescens</strong></span> <span class='ocrx_word' id='word_1_177' title='bbox 867 1921 1275 1976; x_wconf 83' lang='lat' dir='ltr'><strong>est.Repe1itur</strong></span> <span class='ocrx_word' id='word_1_178' title='bbox 1281 1926 1322 1964; x_wconf 89' lang='lat' dir='ltr'><strong>in</strong></span> <span class='ocrx_word' id='word_1_179' title='bbox 1359 1926 1563 1966; x_wconf 85' lang='lat' dir='ltr'>comitatu</span> <span class='ocrx_word' id='word_1_180' title='bbox 1601 1925 1705 1969; x_wconf 83' lang='lat' dir='ltr'>Glaz</span> 
     </span>
     <span class='ocr_line' id='line_1_27' title="bbox 353 1969 1744 2043; baseline 0.008 -22"><span class='ocrx_word' id='word_1_181' title='bbox 353 1995 488 2036; x_wconf 89' lang='lat' dir='ltr'><strong>prope</strong></span> <span class='ocrx_word' id='word_1_182' title='bbox 523 1982 781 2038; x_wconf 78' lang='lat' dir='ltr'><strong>Friedeburg</strong></span> <span class='ocrx_word' id='word_1_183' title='bbox 814 1985 863 2025; x_wconf 81' lang='lat' dir='ltr'><strong>ad</strong></span> <span class='ocrx_word' id='word_1_184' title='bbox 903 1985 1035 2040; x_wconf 87' lang='lat' dir='ltr'><strong>Queis</strong></span> <span class='ocrx_word' id='word_1_185' title='bbox 1071 1996 1114 2026; x_wconf 89' lang='lat' dir='ltr'><strong>et</strong></span> <span class='ocrx_word' id='word_1_186' title='bbox 1148 1985 1438 2042; x_wconf 79' lang='lat' dir='ltr'><strong>Zottenbertg</strong></span> <span class='ocrx_word' id='word_1_187' title='bbox 1479 2002 1614 2043; x_wconf 87' lang='lat' dir='ltr'><strong>prope</strong></span> <span class='ocrx_word' id='word_1_188' title='bbox 1650 1969 1744 2042; x_wconf 80' lang='lat' dir='ltr'><strong>Du..</strong></span> 
     </span>
     <span class='ocr_line' id='line_1_28' title="bbox 352 2046 1742 2108; baseline 0.009 -23"><span class='ocrx_word' id='word_1_189' title='bbox 352 2060 446 2086; x_wconf 74' lang='lat' dir='ltr'><strong>nam</strong></span> <span class='ocrx_word' id='word_1_190' title='bbox 468 2076 481 2096; x_wconf 68' lang='lat'>7</span> <span class='ocrx_word' id='word_1_191' title='bbox 516 2046 763 2089; x_wconf 83' lang='lat' dir='ltr'><strong>Petshoram</strong></span> <span class='ocrx_word' id='word_1_192' title='bbox 798 2049 840 2088; x_wconf 85' lang='lat' dir='ltr'><strong>in</strong></span> <span class='ocrx_word' id='word_1_193' title='bbox 881 2048 1104 2101; x_wconf 63' lang='lat' dir='ltr'><strong>Omnem,</strong></span> <span class='ocrx_word' id='word_1_194' title='bbox 1140 2051 1401 2094; x_wconf 83' lang='lat' dir='ltr'><strong>Nertshinck</strong></span> <span class='ocrx_word' id='word_1_195' title='bbox 1423 2082 1436 2104; x_wconf 85' lang='lat'>‚</span> <span class='ocrx_word' id='word_1_196' title='bbox 1471 2054 1520 2094; x_wconf 83' lang='lat' dir='ltr'><strong>ad</strong></span> <span class='ocrx_word' id='word_1_197' title='bbox 1558 2054 1742 2108; x_wconf 60' lang='lat' dir='ltr'>Neiuam</span> 
     </span>
     <span class='ocr_line' id='line_1_29' title="bbox 353 2110 1745 2172; baseline 0.006 -22"><span class='ocrx_word' id='word_1_198' title='bbox 353 2112 394 2150; x_wconf 85' lang='lat' dir='ltr'><strong>in</strong></span> <span class='ocrx_word' id='word_1_199' title='bbox 431 2110 589 2162; x_wconf 69' lang='lat' dir='ltr'><strong>Uralil,</strong></span> <span class='ocrx_word' id='word_1_200' title='bbox 626 2112 773 2166; x_wconf 81' lang='lat' dir='ltr'><strong>Hagge</strong></span> <span class='ocrx_word' id='word_1_201' title='bbox 807 2114 849 2153; x_wconf 91' lang='lat' dir='ltr'><strong>in</strong></span> <span class='ocrx_word' id='word_1_202' title='bbox 880 2113 1138 2167; x_wconf 70' lang='lat' dir='ltr'><strong>Norzbergil,</strong></span> <span class='ocrx_word' id='word_1_203' title='bbox 1173 2115 1521 2157; x_wconf 77' lang='lat' dir='ltr'>Lindbastmmen</span> <span class='ocrx_word' id='word_1_204' title='bbox 1545 2118 1587 2158; x_wconf 88' lang='lat' dir='ltr'><strong>in</strong></span> <span class='ocrx_word' id='word_1_205' title='bbox 1609 2121 1745 2172; x_wconf 58' lang='lat' dir='ltr'><strong>Cum,</strong></span> 
     </span>
     <span class='ocr_line' id='line_1_30' title="bbox 354 2174 1739 2240; baseline 0.009 -25"><span class='ocrx_word' id='word_1_206' title='bbox 354 2187 391 2228; x_wconf 90' lang='lat' dir='ltr'>g</span> <span class='ocrx_word' id='word_1_207' title='bbox 412 2175 517 2215; x_wconf 81' lang='lat' dir='ltr'><strong>rdet.</strong></span> <span class='ocrx_word' id='word_1_208' title='bbox 605 2174 788 2219; x_wconf 84' lang='lat' dir='ltr'>Consule</span> <span class='ocrx_word' id='word_1_209' title='bbox 837 2188 1003 2232; x_wconf 80' lang='lat' dir='ltr'><strong>praeter</strong></span> <span class='ocrx_word' id='word_1_210' title='bbox 1039 2177 1266 2220; x_wconf 76' lang='lat' dir='ltr'>Cronstedt</span> <span class='ocrx_word' id='word_1_211' title='bbox 1309 2191 1352 2221; x_wconf 86' lang='lat' dir='ltr'><strong>et</strong></span> <span class='ocrx_word' id='word_1_212' title='bbox 1392 2182 1626 2239; x_wconf 73' lang='lat' dir='ltr'>annich,</span> <span class='ocrx_word' id='word_1_213' title='bbox 1658 2199 1739 2240; x_wconf 73' lang='lat' dir='ltr'><strong>cel</strong></span> 
     </span>
     <span class='ocr_line' id='line_1_31' title="bbox 355 2238 1516 2299; baseline 0.005 -17"><span class='ocrx_word' id='word_1_214' title='bbox 355 2238 546 2282; x_wconf 78' lang='lat' dir='ltr'><strong>Gerhard</strong></span> <span class='ocrx_word' id='word_1_215' title='bbox 579 2238 712 2292; x_wconf 71' lang='lat' dir='ltr'><strong>Btssr.</strong></span> <span class='ocrx_word' id='word_1_216' title='bbox 745 2254 828 2284; x_wconf 86' lang='lat' dir='ltr'><strong>zur</strong></span> <span class='ocrx_word' id='word_1_217' title='bbox 856 2241 992 2284; x_wconf 89' lang='lat' dir='ltr'><em>Chem.</em></span> <span class='ocrx_word' id='word_1_218' title='bbox 1027 2244 1107 2284; x_wconf 84' lang='lat' dir='ltr'><strong>und</strong></span> <span class='ocrx_word' id='word_1_219' title='bbox 1138 2242 1278 2299; x_wconf 44' lang='lat' dir='ltr'><strong>Gesomh</strong></span> <span class='ocrx_word' id='word_1_220' title='bbox 1313 2245 1381 2287; x_wconf 85' lang='lat' dir='ltr'><strong>des</strong></span> <span class='ocrx_word' id='word_1_221' title='bbox 1413 2244 1516 2289; x_wconf 74' lang='lat' dir='ltr'><strong>Min.</strong></span> 
     </span>
    </p>
   </div>
   <div class='ocr_carea' id='block_1_11' title="bbox 927 2369 1741 2433">
    <p class='ocr_par' dir='ltr' id='par_1_11' title="bbox 927 2369 1741 2433">
     <span class='ocr_line' id='line_1_32' title="bbox 927 2369 1741 2433; baseline 0.002 -22"><span class='ocrx_word' id='word_1_222' title='bbox 927 2369 979 2411; x_wconf 77' lang='lat' dir='ltr'><strong>Ii</strong></span> <span class='ocrx_word' id='word_1_223' title='bbox 1015 2382 1037 2420; x_wconf 82' lang='grc'>3</span> <span class='ocrx_word' id='word_1_224' title='bbox 1690 2389 1741 2433; x_wconf 56' lang='lat' dir='ltr'><strong>S·</strong></span> 
     </span>
    </p>
   </div>
  </div>
 </body>
</html>
