2007 2702
863 183 1016 238 (269)

148 305 315 346 tuntum
350 296 580 338 semifluida
616 304 740 344 tenax
775 296 993 343 substantia
1027 297 1198 349 propria
1233 296 1302 337 sua
1322 296 1612 339 viattraecrice
1634 311 1737 340 con-

148 361 244 401 fluit
275 361 439 413 rursus,
476 374 567 412 aer,
605 375 686 415 qua
721 362 785 402 via
821 361 1040 414 ingressus,
1077 361 1182 411 exit,
1220 361 1357 401 bullae
1392 362 1548 414 pariter
1584 375 1736 404 omnes

116 435 270 477 *atque
306 424 375 465 fila
412 424 696 477 euanescuut,
749 424 966 466 substantia
1003 425 1045 464 in
1083 425 1335 465 continuum
1371 427 1496 466 redit.
1583 425 1627 467 Si
1664 427 1737 471 de-

141 500 230 528 nuo
268 489 449 528 musculi
487 490 787 537 distrahuntur3
841 501 978 529 nouae
1017 488 1187 540 bullae,
1231 502 1341 529 noua
1378 489 1480 541 fila,
1528 490 1737 531 oriuntur.

143 550 186 593 Si
223 551 397 591 vlterius
433 554 654 605 portiones
692 554 947 593 musculares
983 567 1004 593 a
1033 552 1079 596 se
1118 561 1267 592 mutuo
1317 552 1549 606 diducere,
1595 567 1736 608 eoque

143 622 186 654 et
220 614 401 667 reliquas
438 615 558 655 fimul
594 611 735 655 catum
772 627 909 668 partes
946 615 1168 655 distrahere
1205 628 1378 668 pergas‚·
1432 619 1491 656 vti
1530 619 1737 659 continuo

141 678 275 729 magis
321 677 458 717 bullae
493 678 531 718 se
568 679 818 729 extendunt,
855 688 1082 731 totumque
1119 679 1289 718 tandem
1326 678 1591 720 interstitium
1627 683 1738 723 inter

139 741 361 794 portiones
398 741 656 782 musculaies
692 742 875 796 replent,
912 742 1040 781 bullis
1077 750 1120 781 et
1155 742 1445 794 magnitudine
1481 752 1524 784 et
1555 757 1737 787 numero

143 803 294 857 aud‘tis,
331 805 440 844 clire
477 805 607 846 vides.

335 901 369 953 ᾗ.
412 905 481 941 16.
549 902 724 943 Accidit
760 914 932 955 quoque
971 900 1231 954 frequenter,
1267 910 1313 942 vt
1347 903 1550 944 musculis
1585 903 1736 944 remis-

140 965 190 1005 fis
227 977 296 1005 aer
330 965 537 1016 inclusus,
574 966 699 1005 bullis
736 965 894 1017 vbique
932 964 1093 1016 claufis,
1130 966 1292 1005 exitum
1329 966 1493 1006 nullum
1530 967 1734 1007 inueniat.

136 1028 257 1068 Tum
307 1028 478 1068 remissis
528 1029 731 1069 musculis
771 1027 909 1067 bullae
947 1029 1286 1081 comprimuntur
1324 1030 1494 1082 quidem
1533 1031 1737 1071 diminui-

138 1103 220 1144 que
256 1092 516 1144 aliquantum
562 1091 848 1144 magnitudine
894 1091 992 1131 hinc
1036 1092 1134 1132 inde
1178 1093 1409 1145 videntur,
1462 1104 1502 1135 at
1556 1094 1734 1135 minime

137 1155 416 1205 euanescunt,
464 1156 728 1208 diduc'tisque
766 1155 916 1193 iterum
955 1156 1158 1195 musculis
1196 1158 1370 1197 eaedem
1408 1158 1546 1199 bullae
1582 1159 1733 1201 eadem

135 1218 427 1272 magnitudine
463 1228 506 1259 et
542 1219 677 1261 forma
711 1219 752 1257 in
790 1218 1060 1270 conspectum
1098 1219 1239 1259 denuo
1275 1221 1501 1273 prodeunt.

330 1314 366 1367 ᾗ.
408 1328 477 1367 17.
546 1313 663 1354 Haec
699 1325 803 1366 ergo
839 1311 1076 1352 veficiilaris
1112 1312 1184 1352 illa
1220 1321 1384 1355 textura
1419 1316 1491 1366 est,
1521 1329 1626 1369 quae
1647 1316 1729 1357 im-

134 1376 282 1432 primis
320 1390 413 1418 aere
449 1378 559 1418 inter
596 1378 885 1425 membranas,
922 1374 1121 1416 cellulosa
1158 1379 1426 1430 coniunctas,
1462 1379 1608 1420 inflato
1651 1381 1729 1420 ob-

131 1441 285 1482 seruari
322 1441 448 1487 solet;
505 1452 609 1491 quae
649 1437 739 1478 casu
776 1438 902 1479 etiam
938 1452 1242 1493 nonnunquam
1265 1470 1277 1491 ,
1333 1451 1374 1482 at
1407 1442 1572 1495 rarius,
1625 1444 1729 1484 dum

102 1496 222 1544 ‘vasa
259 1514 328 1543 aut
364 1502 544 1542 musculi
580 1511 650 1542 aut
684 1502 785 1542 aliae
821 1512 958 1556 partes
996 1505 1045 1543 ad
1084 1504 1484 1546 demonstrationem
1521 1509 1729 1548 anatomi-

134 1578 225 1605 cam
261 1575 582 1619 praeparantur,
619 1575 812 1619 apparet,
851 1579 973 1619 quam
1012 1567 1167 1620 vbique
1204 1582 1332 1622 ergo,
1367 1571 1493 1610 etiam
1529 1570 1601 1610 vbi
1637 1585 1726 1612 non

128 1638 315 1683 apparet,
352 1629 646 1683 supponimus,
681 1639 723 1669 et
758 1643 883 1683 quam
920 1630 1163 1672 cellulosam
1201 1634 1368 1673 tandem
1406 1644 1633 1687 texturam,
1663 1636 1729 1676 di-

129 1693 289 1747 versam
327 1695 505 1734 omnino
542 1692 666 1733 eiiam
702 1707 722 1734 a
756 1694 971 1735 vesiculari
1008 1695 1078 1737 illa
1113 1696 1324 1749 structura,
1362 1709 1404 1738 et
1441 1699 1723 1752 imaginamur

132 1765 174 1796 et
222 1757 418 1798 dicimus.
503 1757 662 1798 Natura
698 1769 801 1811 ergo
838 1759 950 1800 nulla
996 1769 1067 1799 aut
1109 1760 1346 1801 vesicularis
1399 1772 1470 1803 aut
1521 1762 1723 1805 cellulosa

133 1830 299 1861 textura
336 1822 469 1861 datur.
540 1820 658 1875 Quae
694 1821 840 1875 sponte
877 1823 1016 1876 paffim
1052 1824 1163 1865 varie
1193 1826 1356 1866 trac‘tata
1379 1825 1592 1867 substantia
1616 1839 1720 1867 cou-

132 1884 364 1937 glutinante
403 1885 502 1925 oriri
538 1886 704 1925 videtur
736 1887 976 1927 veficularis
1013 1887 1224 1938 structura,
1261 1889 1344 1941 ipsa
1373 1889 1449 1930 hac
1476 1891 1719 1932 tractatione

131 1957 174 1986 et
209 1948 452 1999 agitatione,
490 1962 581 1988 acre
617 1950 864 2000 intromisso,
901 1951 943 1989 in
980 1950 1116 1990 bullas
1154 1951 1415 1992 substantiam
1443 1955 1720 2007 extendente,

133 2011 327 2052 efficitur.
395 2013 541 2052 Vei-as·
569 2013 718 2066 cellas,
753 2014 918 2056 laminis
956 2013 1093 2066 factas,
1135 2015 1185 2055 ad
1221 2017 1396 2070 angulos
1433 2017 1570 2058 varios
1607 2019 1719 2061 inter

132 2073 171 2114 se
209 2075 474 2129 compofitis,
511 2087 627 2118 certo
665 2079 796 2119 modo
833 2079 1059 2130 formatas,
1098 2080 1239 2132 quales
1275 2081 1529 2135 plerumque
1565 2083 1718 2138 imagi-

131 2149 313 2188 namur,
367 2153 579 2192 nunquam
601 2170 613 2192 ,
667 2155 804 2196 neque
841 2152 985 2184 natura
1021 2156 1158 2196 neque
1193 2154 1279 2184 arte
1314 2147 1568 2199 productas,
1612 2148 1715 2189 vidi.

133 2199 253 2253 Quae
298 2202 337 2244 iu
375 2205 625 2256 praeparatis
662 2206 774 2247 ssecis
813 2207 1027 2247 monstrari
1065 2207 1230 2259 solent,
1282 2219 1351 2249 aut
1397 2223 1501 2263 quae
1546 2213 1715 2264 possunt

132 2265 363 2320 monstrari,
400 2269 600 2311 cellarum
636 2279 677 2310 et
710 2270 958 2312 laminarum
995 2272 1170 2327 species,
1208 2285 1314 2328 quae
1341 2274 1557 2317 inflat10ne
1579 2287 1715 2317 etex-

826 2335 965 2386 L13
1641 2339 1716 2379 fic-
