2007 2702
654 203 804 236 -.-
839 201 994 258 (225)
1027 221 1176 236 ...-

114 314 162 367 a)
185 325 282 356 cum
318 313 563 359 extremitas
601 313 674 356 illa
707 315 748 354 in
785 315 871 368 ipso
908 316 1094 369 margine
1129 315 1355 359 ventriculi
1390 317 1609 360 constituta
1644 318 1706 359 es-

114 379 205 426 set3
241 377 285 424 b)
338 379 451 421 nulla
486 391 539 419 ex
574 379 636 419 his
683 378 980 432 posterioribus
1026 379 1142 420 fibris
1187 383 1421 436 marginem
1458 382 1624 424 transire
1660 383 1703 422 in

114 441 450 495 inferioremque
486 442 709 482 ventriculi
745 441 1006 494 superficiem
1044 445 1268 495 peruenire
1303 446 1459 498 potuit.
1496 447 1551 498 c).
1613 445 1703 486 Iam

112 504 273 557 primae
309 506 423 542 enim
459 517 628 554 earum,
666 518 686 544 a
721 505 933 557 principio
959 517 1108 546 crenae
1129 505 1340 558 subortae,
1376 519 1703 561 procurrentem

115 564 358 606 fasciculum
396 566 573 620 longum
609 567 857 619 efficientes,
893 569 993 608 dum
1031 578 1225 609 centrum
1262 568 1456 611 focorum
1494 581 1704 626 peterent,

113 641 203 670 non
245 638 442 682 poterant
484 630 556 669 nisi
600 631 715 671 iuxta
759 631 991 683 marginem
1029 631 1179 683 partim
1215 632 1257 671 in
1294 633 1497 685 superiori
1533 635 1707 689 superfi-

115 693 213 743 cie,
249 692 400 746 partim
437 693 477 732 in
515 693 702 746 margine
737 693 861 746 ipso,
913 693 1055 733 versus
1090 693 1198 734 illud
1236 695 1459 736 decurrere
1493 698 1557 750 d).
1625 700 1705 740 His

115 769 221 809 ergo
259 755 432 796 caeteris
468 757 551 797 iam
586 756 702 796 fibris
738 756 805 796 via
840 756 889 796 ad
926 756 1175 797 inferiorem
1212 758 1480 812 superficiem
1516 762 1711 814 praeclu-

114 819 154 860 sa
195 819 269 871 e);
322 828 367 858 vt
399 819 469 859 vel
504 820 543 860 se
580 820 789 873 applicare
826 819 875 858 ad
912 819 1003 858 illas
1040 819 1111 860 vel
1146 819 1263 860 iuxta
1299 823 1471 862 easdem
1506 825 1554 864 ad
1592 824 1710 866 idem

115 883 340 923 decurrere
384 892 576 923 centrum
624 883 821 922 focorum
867 881 1026 921 necefl‘e
1073 880 1212 921 fuerit.
1295 883 1344 923 In
1389 885 1513 926 strato
1559 897 1707 929 contra

114 945 299 993 secundo
321 972 334 995 ‚
387 949 472 985 tota
508 945 744 984 insertionis
781 944 876 982 sede
910 943 1140 984 retrorsum
1175 955 1407 999 promota,
1460 950 1705 992 extremitas

115 1010 204 1050 eius
242 1008 290 1048 ad
329 1007 499 1049 duc‘tum
535 1007 641 1047 sedis
680 1005 804 1046 huius
849 1005 973 1059 ipfius
1017 1019 1094 1059 per
1128 1009 1364 1061 marginem
1402 1011 1589 1052 fasciculi
1626 1021 1710 1054 ter-

113 1067 279 1113 minalis
324 1071 538 1111 inferioris
567 1069 621 1123 f)
663 1070 706 1108 in
744 1068 879 1108 striam
915 1081 1050 1121 vsque
1095 1071 1290 1112 translata
1325 1073 1382 1113 est
1416 1075 1499 1128 g).
1586 1075 1709 1130 Quae

47 1126 51 1130 ’
114 1134 288 1174 vltimae
324 1134 517 1173 omnium
555 1145 693 1185 ergo,
746 1131 841 1171 sede
885 1131 1124 1173 insertionis
1170 1146 1408 1189 occupata,
1460 1140 1710 1180 extremita-

118 1205 204 1236 tem
240 1196 327 1236 eius
364 1196 419 1249 h)
455 1195 581 1236 fibrae
616 1203 764 1248 petunt
798 1195 850 1245 i),
885 1207 957 1234 eae
992 1205 1038 1234 vt
1072 1199 1180 1237 circa
1218 1200 1452 1252 marginem
1490 1202 1706 1245 flec³cantu1

117 1268 337 1311 totamque
382 1259 626 1299 inferiorem
670 1257 894 1298 ventriculi
939 1257 1204 1310 superficiem
1255 1273 1502 1315 percurrant
1544 1266 1708 1307 neceffe

117 1322 186 1363 est.
255 1322 438 1363 Proinde
482 1335 557 1361 nec
603 1331 786 1361 caeteras
831 1320 926 1361 istae
971 1323 1145 1362 radiatas
1189 1323 1316 1364 fibras
1351 1326 1404 1378 k)
1441 1326 1532 1367 vllo
1569 1330 1708 1371 modo

117 1385 388 1439 impediunt„
442 1384 672 1439 quominus
709 1385 759 1423 ad
795 1383 1108 1423 extremitatem
1153 1384 1259 1426 sedis
1302 1388 1544 1431 insertionis
1570 1419 1584 1444 ,
1635 1392 1707 1433 vel

112 1450 168 1491 ‘ad
202 1448 447 1491 inferiorem
485 1447 783 1501 superficiem,
817 1445 1037 1499 pervenire
1073 1447 1240 1501 poffint.

1583 1544 1717 1591 Ortus

1580 1643 1702 1656 a——od-

192 1691 232 1738 a)
258 1691 342 1725 Tab.
371 1692 428 1724 IV.
459 1702 511 1734 77,
540 1699 595 1734 78.
625 1695 674 1731 82.
700 1702 754 1735 97.
784 1696 838 1736 98.

192 1755 228 1802 h)
257 1754 341 1788 Tab.
369 1754 424 1786 lv.
453 1765 533 1795 104.
567 1765 637 1789 101.

190 1816 230 1862 c)
257 1815 341 1848 Tab.
370 1815 431 1850 IV.
458 1826 510 1857 73.
538 1821 593 1859 98.

192 1878 232 1924 d)
259 1878 344 1912 Tab.
372 1879 428 1933 iV.
456 1889 503 1920 73.
531 1889 572 1920 73
612 1889 658 1921 73.
684 1888 737 1921 74.
764 1889 817 1922 74.
853 1888 936 1920 105.

193 1942 234 1987 e)
263 1940 345 1974 Tab.
374 1941 429 1974 IV.
454 1952 505 1983 77.
533 1947 586 1983 78.
616 1947 664 1982 82.
693 1948 748 1986 88.
778 1943 836 1988 96.
865 1954 918 1986 97.
945 1947 1000 1987 98.

189 2004 239 2048 f)
267 2003 351 2036 Tab.
379 2005 434 2039 IX.
464 2015 514 2047 24.
541 2001 566 2040 f.

192 2065 236 2111 g)
265 2065 349 2099 Tab.
376 2065 432 2099 IX.
462 2072 514 2104 18.

192 2126 231 2173 h)
261 2127 334 2160 'sab
372 2128 429 2161 IX.
456 2124 488 2161 fa

198 2190 233 2234 i)
262 2189 345 2222 Tab.
372 2190 425 2223 lx.
459 2202 509 2234 19.
545 2198 598 2230 ¹8.

193 2247 236 2295 le)
263 2250 347 2286 Tab.
375 2251 431 2286 IX.
463 2260 515 2295 19.
541 2263 593 2295 24.

183 2330 303 2376 Noua
321 2335 424 2376 Atia
441 2336 572 2377 Acad.
591 2335 693 2391 Imp.
710 2334 780 2378 Sc.
799 2335 846 2378 T.
868 2336 941 2379 Vl.
1237 2335 1272 2378 F
1304 2334 1332 2377 f
