2007 2702
655 237 805 262 --—·-—
839 220 992 276 (123)
1026 238 1176 254 ·--

863 347 966 390 DzE
1001 349 1002 352 ’

140 433 919 521 PROIECTIONE¹
990 439 1690 517 SPHAEROIDIS

362 555 826 610 ELLIPTICAE
892 554 1475 631 GEOGRAPHICA·

820 702 1010 744 Austore
1092 748 1094 750 ,

674 786 724 826 F.
760 785 800 826 T.
836 785 1147 827 SCHVBERT.

584 1025 909 1086 Differtatio
964 1027 1241 1086 Secunda.

220 1159 460 1212 Proiefflo
501 1156 895 1224 stereographica
926 1155 1246 1210 horizontalis
1280 1157 1362 1210 seu
1396 1159 1605 1234 obliqua.

481 1346 665 1387 Conuent.
701 1345 834 1386 exhib.
870 1346 932 1386 die
970 1357 990 1394 ς
1034 1345 1162 1386 Mart.
1205 1357 1341 1398 1789·

855 1580 890 1635 ᾗ.
930 1593 969 1620 1.

172 1688 195 1714 n
233 1681 407 1726 utraque
453 1673 749 1727 proieetione,
802 1688 929 1728 quam
965 1675 1185 1730 hucusque
1228 1675 1522 1729 consideravi,
1573 1676 1711 1731 polari

203 1751 355 1790 nempe
392 1746 434 1776 et
470 1748 754 1791 aequatorea,
807 1740 1043 1782 differentia
1077 1741 1185 1782 iuter
1218 1742 1528 1796 proiecssionem
1566 1741 1712 1795 sphae-

118 1803 248 1843 ricam
284 1811 325 1841 et
360 1801 588 1853 ellipticam
626 1809 710 1840 tam
746 1815 872 1854 parva
909 1805 989 1844 fuit
1023 1815 1221 1857 reperta,
1268 1816 1313 1846 ut
1346 1808 1515 1858 prorius
1554 1819 1711 1859 propc-

120 1866 299 1906 modum
336 1865 469 1916 posset
504 1863 678 1916 negligi.
746 1864 901 1907 Nihilo
937 1877 1077 1908 tamen
1114 1869 1253 1909 minus
1298 1870 1388 1910 istas
1423 1869 1708 1922 proieffiones

120 1930 319 1970 omittere
356 1926 507 1979 nolui,
560 1940 656 1967 cum
692 1941 778 1969 non
813 1943 908 1971 raro
945 1931 1075 1972 soleat
1108 1946 1260 1986 parvae
1296 1933 1531 1985 cuiuspiam
1567 1932 1709 1985 super-

121 1993 230 2033 ficiei
274 1990 377 2044 polo
413 1990 481 2029 vel
517 1993 734 2044 aequatori
769 1995 1035 2048 propinquae
1079 1996 1284 2048 proieffio
1321 1995 1514 2036 adornari
1550 1996 1710 2048 polaris

120 2057 189 2098 vel
224 2052 517 2108 aequatorialis
542 2083 555 2106 7
609 2069 693 2109 quo
730 2058 822 2098 casu
858 2059 996 2099 radius
1032 2072 1056 2099 a
1093 2059 1277 2112 ideoque
1313 2069 1355 2100 et
1390 2060 1596 2100 corn-effio
1638 2060 1709 2101 ista

124 2134 145 2161 e
190 2120 323 2172 figura
368 2118 528 2157 telluris
573 2118 756 2173 elliptica
802 2123 979 2163 oriunda
1022 2124 1159 2163 multo
1204 2125 1338 2164 maior
1373 2124 1465 2163 erit.
1551 2123 1707 2177 Neque

125 2184 241 2224 aliter
277 2182 316 2223 se
354 2181 480 2222 habet
515 2183 720 2235 proierstio
747 2184 1028 2239 h01··i.z0ntalis‚
1067 2201 1170 2241 quae
1206 2187 1232 2226 fi
1270 2197 1408 2228 totum
1445 2187 1711 2241 hemisphae-

125 2248 234 2287 rium
269 2246 582 2300 repraesentet,
626 2246 728 2288 haec
765 2251 1001 2304 disquisitio
1038 2260 1198 2291 tantum
1237 2265 1322 2292 non
1358 2265 1471 2293 mera
1506 2253 1586 2293 erit
1621 2253 1712 2306 spe-

128 2310 298 2351 culatio.
395 2308 507 2354 Cum
550 2319 687 2353 autem
733 2313 834 2356 haec
879 2315 1086 2371 proiee‘iio
1123 2316 1314 2372 inprimis
1354 2316 1545 2360 adhiberi
1581 2317 1712 2358 soleat

947 2378 994 2437 Q
1029 2392 1051 2418 Ω
1664 2380 1708 2421 in
