2007 2702
830 207 981 215 „-
1015 172 1171 228 (262)

289 300 455 347 pantur.
524 288 773 342 Eidemque
821 288 1104 330 fundamento
1140 297 1183 330 et
1218 289 1324 331 hacc
1370 289 1500 330 altera
1532 291 1724 333 innititur
1758 292 1900 348 fin.gu-.

289 358 386 399 laris
431 354 702 408 proprietas,
756 362 803 395 vt
847 367 1034 408 corpora
1077 367 1164 395 non
1213 354 1349 395 modo
1398 366 1711 410 quaecunque,
1763 358 1897 402 solida

288 421 357 461 vel
394 419 556 470 fluida,
603 417 726 460 facile
764 419 805 459 in
842 419 962 460 illam
997 427 1226 473 penetrent
1261 420 1303 460 in
1340 431 1522 473 eamque
1559 418 1597 459 se
1633 420 1894 473 immittant3

289 485 357 526 sed
396 493 441 526 vt
476 484 606 526 fluida
644 497 818 538 quoque
841 513 854 538 ,
891 497 945 525 eo
985 485 1159 539 quidem
1197 485 1330 540 magis
1353 513 1366 536 ,
1415 497 1503 538 quo
1541 483 1635 524 sunt
1669 483 1863 530 fluidiora
1882 518 1900 542 „

289 549 542 603 faciliusque
589 549 845 603 diuifibilia,
902 551 1089 591 maxime
1133 563 1237 606 ergo
1282 563 1388 602 aer,
1439 548 1691 591 infinuando
1735 551 1821 591 sese
1852 553 1899 594 in

291 614 662 670 conglutinantcm
709 614 818 655 hanc
865 613 1130 656 substantiam
1154 645 1167 668 ,
1218 615 1280 656 vti
1318 623 1362 656 et
1397 614 1440 654 in
1478 613 1557 656 alia
1592 614 1807 656 eiusmodi
1842 617 1902 657 se·

288 680 484 721 miflurida
518 688 588 720 aut
623 679 753 720 fluida
790 692 973 733 corpora
1011 679 1206 733 tenacia,
1242 680 1286 720 in
1323 678 1458 720 bullas
1497 692 1544 720 ea
1581 679 1798 720 extendat.
1841 680 1906 722 A-

295 759 375 799 qua
421 744 577 799 sapone
622 744 792 796 mixta,
847 757 990 796 eoque
1028 744 1219 798 aliquem
1257 743 1496 785 tenacitatis
1534 744 1713 798 gradum
1751 745 1913 798 nacta,

288 809 390 851 flatu
426 810 468 848 in
506 807 640 849 bullas
679 807 924 848 innumeras
961 810 1169 861 extensa,
1204 807 1390 850 mirabili
1426 808 1547 867 saepe
1585 808 1783 866 aspec‘tu9
1824 823 1906 854 no-

291 874 488 915 iiffimum
528 872 653 914 liuius
689 872 751 913 rei
788 872 1040 932 exemplum
1074 872 1147 918 cst..

483 1001 518 1055 ᾗ.
557 1005 598 1043 6.
640 1000 736 1044 Pari
774 1003 937 1045 ratione
975 1016 1079 1057 ergo
1116 1001 1420 1056 conglutinans
1458 1016 1658 1058 quoque,
1694 1004 1779 1046 fine
1817 1004 1906 1048 ce1-

289 1067 424 1109 lulofa
464 1068 602 1119 dicta,
655 1068 874 1110 substantia
920 1078 964 1109 et
1007 1067 1269 1122 impressioni
1306 1067 1550 1122 cuicunque
1594 1068 1715 1110 facile
1749 1071 1902 1123 cedit,

289 1135 332 1173 in
376 1132 447 1174 fila
494 1132 616 1174 facile
664 1134 939 1187 extenditur,
987 1143 1030 1174 et
1065 1137 1160 1174 a'e're
1195 1132 1379 1173 immiffo
1432 1133 1474 1173 in
1526 1133 1664 1175 ,bullas
1719 1134 1901 1177 efflatur.

292 1198 419 1255 Aqua
442 1227 455 1249 ,
493 1199 764 1249 mercurius,
817 1211 930 1251 pus,
982 1210 1070 1237 non
1108 1197 1242 1237 modo
1277 1207 1502 1251 penetrant
1536 1199 1579 1239 in
1618 1199 1864 1241 cellulosam
1888 1229 1902 1251 .,

294 1262 362 1302 sed
401 1262 542 1314 longis
581 1260 700 1315 saepe
738 1261 963 1302 itineribus
1003 1262 1043 1301 in
1083 1275 1130 1302 ea
1167 1260 1438 1316 proserpunt.
1508 1263 1598 1317 Ipsa
1636 1263 1769 1306 solida
1803 1276 1904 1307 cor·-

294 1339 398 1380 poru
445 1325 615 1376 aliena,
669 1325 762 1366 casu
811 1339 1071 1379 quocunque
1109 1326 1319 1377 immissa,
1374 1327 1416 1367 in
1455 1329 1746 1370 remotiffimas
1781 1328 1902 1383 saepe

296 1391 491 1443 corporis
538 1391 737 1444 regiones
783 1404 859 1444 per
902 1390 1081 1431 eandem
1128 1389 1359 1431 ambulant.
1427 1391 1580 1432 Tracta
1625 1394 1825 1435 ccllulosa
1859 1395 1905 1436 in

294 1454 362 1496 fila
400 1454 635 1497 tenuissima
673 1455 793 1496 facile
832 1456 1111 1503 extenditur3
1169 1454 1385 1496 difficilius
1423 1456 1593 1497 tandem
1630 1457 1700 1497 fila
1736 1458 1906 1510 penitus
1951 1463 1957 1470 ⁸

296 1529 567 1574 rumpuntur.
638 1519 708 1562 Sic
753 1533 847 1561 aere
893 1520 935 1561 in
981 1519 1228 1561 cellulosam
1275 1519 1520 1560 introdusto
1567 1520 1707 1561 bullae
1754 1523 1908 1574 copio-

295 1584 360 1625 sae
386 1614 398 1636 ,
435 1585 619 1626 maiores
642 1614 654 1637 ,
691 1586 914 1637 minores,
969 1584 1092 1626 facile
1129 1585 1368 1625 excitantur
1391 1614 1404 1636 ,
1457 1594 1499 1625 et
1533 1585 1626 1625 vsus
1663 1585 1734 1625 iste
1771 1585 1909 1627 lanio-

299 1663 391 1689 rum
431 1651 666 1690 notissimus
704 1651 775 1691 est.
848 1649 955 1692 Casu
997 1662 1172 1704 quoque
1210 1650 1364 1690 accidit
1400 1648 1546 1704 saepe,
1582 1660 1627 1689 vt
1651 1650 1764 1691 varie
1803 1661 1910 1692 trac-

300 1724 381 1767 tata
425 1714 627 1756 cellulosa
651 1745 664 1767 ,
717 1716 921 1766 extensa,
976 1715 1210 1769 compressa
1246 1715 1446 1766 rursum,
1500 1725 1571 1756 aut
1606 1716 1793 1769 agitata,
1837 1729 1908 1757 aer

300 1777 448 1832 sponte
492 1777 531 1818 se
567 1779 782 1831 insinuet,
830 1780 1053 1834 buliasquc
1097 1779 1266 1820 efficiat.
1336 1779 1500 1821 Mirum
1541 1779 1636 1832 cst,
1692 1780 1732 1820 in
1781 1794 1908 1834 quam

300 1855 523 1883 enormem
568 1844 732 1884 molem
780 1857 938 1898 corpus
986 1845 1258 1895 humanum,
1309 1845 1378 1885 vel
1422 1845 1560 1886 variae
1604 1845 1694 1886 cius
1738 1856 1906 1899 partes,

301 1907 554 1950 subcutanea
590 1909 830 1962 imprimis,
870 1919 941 1950 aut
974 1908 1166 1949 minei-sa
1203 1908 1406 1951 cellulosa
1443 1923 1536 1951 aere
1573 1910 1716 1951 inflata
1758 1921 1908 1952 exten-

303 1973 342 2013 di
380 1973 562 2027 puisunt.
631 1973 680 2014 Id
717 1985 804 2015 arte
844 1974 1019 2027 quidem
1056 1973 1166 2014 effici
1204 1975 1363 2027 potest,
1400 1985 1443 2015 ct
1478 1974 1799 2030 emphyscmate
1833 1987 1907 2028 pa-

300 2038 400 2078 riter
437 2037 547 2079 haud
587 2053 681 2080 raro
717 2039 913 2080 efficitur.
967 2038 1025 2079 Et
1060 2039 1252 2092 hydrops
1292 2053 1465 2094 quoque
1502 2041 1543 2080 in
1581 2052 1776 2095 magnam
1811 2050 1905 2078 mo-

302 2103 385 2142 lem
423 2102 648 2156 scrotum,
703 2105 889 2158 aliasque
926 2113 1066 2158 partes
1113 2103 1235 2145 simili
1279 2106 1447 2158 prorsus
1492 2105 1657 2146 ratione
1694 2101 1899 2144 extendit.

302 2166 466 2207 Verum
504 2169 531 2208 fi
568 2171 677 2210 inter
715 2170 875 2210 tunicas
913 2169 1121 2210 viscerum
1168 2169 1457 2211 tunicatorum
1480 2200 1492 2222 ,
1549 2172 1665 2212 velut
1697 2167 1805 2206 inter
1840 2167 1903 2206 in-

303 2230 548 2273 testinorum
586 2236 777 2284 tunicas,
816 2234 970 2289 quibus
1007 2234 1176 2289 parcior
1210 2233 1462 2290 firmiorque
1498 2244 1541 2276 ct
1576 2230 1763 2274 tenacior
1799 2244 1905 2272 con-

302 2295 515 2349 glutinans
562 2299 780 2342 substantia
816 2300 1020 2353 interest,
1072 2312 1166 2341 acre
1202 2301 1375 2342 modice
1411 2300 1592 2350 inflato,
1638 2295 1794 2337 viscera
1836 2307 1928 2338 aut.

1738 2371 1903 2402 tunlcae
