2007 2702
122 741 206 766 Tan.
233 730 277 766 ΙΙ.

121 783 155 817 Fi
157 794 189 830 g.
217 793 243 826 5.

137 1488 203 1534 Fig.
234 1489 264 1519 6.

858 212 1010 224 .-.....
1045 195 1168 250 (88)
1201 209 1353 225 -.-.-.

296 325 523 372 propterea
561 311 678 366 quod
714 311 866 352 eadem
909 311 1069 355 solutio
1113 321 1169 351 ex
1211 307 1361 362 primis
1399 304 1672 351 Geometriae
1709 306 1897 350 elemen-

297 384 350 423 tis
387 378 540 422 deduci
574 375 788 431 potuisset.

793 479 1016 537 Solutio
1092 470 1413 551 synthetica

808 570 1026 620 eiusdem
1060 569 1402 641 problematis·

493 671 528 725 ᾗ.
570 684 643 721 23.
732 670 844 713 Cum
891 673 1075 712 circulus
1121 682 1270 712 centro
1309 670 1345 713 C
1388 670 1509 711 radio
1554 667 1590 710 C
1620 668 1663 709 N
1694 682 1754 708 Ξ
1785 668 1820 711 C
1849 672 1901 712 M

302 738 533 791 descriptus
571 737 678 778 hanc
715 736 868 778 habeat
901 737 1244 791 proprietatem,
1288 746 1335 776 vt
1370 748 1520 776 omnes
1558 733 1771 775 normales
1810 732 1900 778 ZC

299 805 350 844 ad
389 813 582 843 centrum
622 800 658 842 C
695 802 892 852 tendant,
928 801 1115 853 ideoque
1151 801 1262 840 inter
1297 799 1336 840 se
1372 800 1451 840 fint
1486 797 1682 853 aequales
1705 828 1718 850 ,
1773 800 1904 841 mani-

301 868 449 908 festum
486 867 557 917 est,
588 865 615 904 fi
650 865 796 918 plures
833 865 1084 906 huiusmodi
1122 864 1270 906 circuli
1307 864 1356 905 ad
1393 865 1567 919 planum
1605 863 1771 913 tabulae
1806 877 1907 918 per-

299 930 632 986 pendiculariter
668 929 989 981 constituantur,
1025 930 1066 969 in
1102 929 1274 983 fingulis
1312 942 1461 970 omnes
1501 928 1713 968 normales
1752 941 1908 983 aequa-

300 996 361 1036 les
400 996 505 1035 fore.
577 994 771 1035 Tantum
807 995 937 1048 igitur
974 993 1187 1048 superest,
1240 1002 1286 1034 vt
1322 994 1468 1034 circuli
1504 992 1567 1032 illi
1605 992 1807 1034 continua
1844 993 1906 1034 se-

302 1061 362 1101 tie
407 1061 462 1100 ita
509 1058 815 1113 disponantur,
868 1067 915 1099 vt
958 1059 1170 1099 normales
1216 1058 1314 1098 illae
1361 1056 1456 1099 CZ
1500 1057 1627 1098 etiam
1673 1057 1722 1098 ad
1770 1057 1909 1098 circu·-

302 1126 369 1165 los
415 1125 614 1179 proxime
661 1125 890 1177 contiguos
944 1124 1157 1164 normales
1213 1123 1322 1173 fint,
1377 1123 1422 1162 id
1470 1122 1586 1176 quod
1640 1122 1816 1174 euenit,
1878 1122 1907 1163 fi

303 1200 495 1230 centrum
536 1186 571 1228 C
608 1190 648 1228 in
695 1188 926 1229 dii-efiione
974 1187 1083 1240 Cc,
1139 1188 1190 1229 ad
1236 1188 1490 1229 diametrum
1535 1185 1645 1227 MN
1690 1186 1907 1240 normali,

302 1254 424 1308 super
459 1253 588 1308 plano
624 1261 948 1306 promoueatur.

497 1362 532 1416 ξ.
575 1377 646 1414 24.
718 1363 832 1403 Huic
880 1370 1021 1402 autem
1067 1361 1309 1402 conditioni
1354 1359 1573 1401 manifesto
1622 1360 1824 1413 satisfiet,
1879 1359 1908 1400 fi

305 1426 594 1468 semicirculus
632 1427 703 1468 ille
740 1425 945 1479 MZN,
998 1427 1047 1467 ad
1086 1427 1257 1480 planum
1297 1424 1461 1466 tabulae
1500 1425 1911 1479 perpendiculariter

304 1493 483 1543 erec'tiis,
507 1492 560 1533 ita
598 1494 922 1546 promoueatur‘,
957 1500 1004 1531 vt
1039 1492 1128 1531 eius
1167 1499 1359 1531 centrum
1397 1489 1519 1543 super
1556 1502 1684 1529 curua
1722 1501 1910 1542 quacun·-

307 1570 388 1610 que
435 1556 584 1598 EUF
629 1557 927 1611 protrahatur,
982 1556 1038 1596 ita
1084 1565 1130 1595 vt
1175 1556 1263 1595 eius
1312 1555 1519 1595 diameter
1553 1553 1667 1594 MN
1705 1554 1756 1594 ad
1792 1553 1910 1593 illam

305 1635 480 1662 curuam
518 1621 555 1661 E
577 1621 669 1663 UF
705 1632 915 1675 perpetuo
954 1629 1093 1661 teneat
1128 1618 1250 1660 fit'um
1287 1619 1525 1660 normalem
1549 1647 1562 1670 ,
1604 1618 1687 1658 fiue
1722 1625 1768 1657 vt
1803 1617 1914 1657 reeta

309 1685 360 1724 M
381 1686 421 1725 N
457 1686 617 1739 vbique
655 1699 827 1727 curuam
865 1686 906 1725 in
929 1684 1043 1727 Uad
1080 1684 1259 1738 angulos
1298 1685 1433 1725 ret‘ios
1471 1685 1595 1723 secet.
1660 1681 1759 1722 Hoc
1796 1681 1912 1722 enim

310 1750 444 1789 modo
481 1751 719 1809 peripheria
756 1751 868 1790 istius
906 1750 1054 1790 circuli
1092 1750 1219 1790 talem
1257 1748 1526 1802 superficiem
1563 1746 1804 1797 describet,
1841 1758 1916 1786 cu-

311 1814 372 1854 ius
409 1827 560 1854 omnes
598 1815 844 1865 normales,
902 1827 1007 1867 quae
1050 1823 1259 1867 perpetuo
1297 1814 1345 1852 ad
1383 1809 1511 1864 ipfiim
1549 1823 1722 1850 curnam
1761 1808 1915 1851 EUF

314 1879 580 1932 dirigentur,
631 1879 708 1918 fint
752 1880 860 1918 inter
906 1878 944 1917 se
990 1877 1200 1930 aequales.
1286 1876 1477 1916 Euidens
1522 1884 1663 1916 autem
1706 1875 1761 1915 est
1806 1875 1916 1915 hanc

315 1943 668 1985 construtstionem
723 1957 820 1984 cum
873 1942 1157 2000 praecedente
1214 1940 1427 1981 solutione
1481 1940 1688 1992 analytica
1740 1938 1913 1994 prorsus

316 2022 561 2050 conuenire.

507 2115 541 2169 ξ.
590 2128 662 2165 25.
745 2117 833 2158 lam
887 2115 1203 2156 obseruauimus
1259 2128 1431 2156 curuam
1483 2115 1597 2155 istam
1650 2108 1913 2151 directricem

316 2178 352 2218 E
378 2179 416 2220 U
438 2181 467 2219 F
505 2182 670 2233 penitus
710 2182 759 2223 ab
796 2182 970 2223 arbitrio
1006 2181 1148 2221 nostro
1185 2182 1388 2234 pendere,
1427 2189 1551 2234 atque
1586 2176 1692 2218 adeo
1729 2186 1783 2214 ex
1819 2172 1917 2226 plu·

319 2243 432 2283 ribus
465 2247 649 2296 partibus
682 2261 761 2301 pro
792 2248 927 2289 lubitu
958 2246 1163 2300 componi
1200 2247 1330 2298 polle,
1354 2247 1452 2299 quin
1491 2243 1633 2291 etiam,
1668 2239 1914 2290 Vbicunque

321 2308 523 2362 lubucrit,
561 2313 774 2354 terminari
812 2313 983 2368 poterit.
1030 2311 1170 2352 lmmo
1207 2312 1286 2352 etia
1317 2312 1462 2352 mloco
1492 2306 1615 2348 huius
1646 2316 1800 2346 curuae
1826 2301 1919 2342 vni-

1820 2376 1916 2406 cum
