2007 2702
273 191 332 232 70
799 174 1339 218 HISTOIRE.

860 289 898 330 A
903 289 1030 331 eidam
1066 289 1276 342 lignorum.

468 368 503 422 §.
540 379 614 420 40.
681 366 877 419 Aridum
911 367 964 420 fic
1002 367 1160 419 diCtum
1196 368 1447 422 lignorum,
1482 369 1598 423 quod
1634 368 1737 423 ligni
1775 382 1875 423 gua·

269 433 351 477 iaci
388 433 669 484 destillatione
715 432 919 483 obtinui,
972 446 1048 487 per
1086 433 1292 483 carbones
1331 433 1555 485 adiuuante
1592 434 1872 475 destillatione

270 512 293 541 a
336 498 551 553 particulis
606 494 982 551 empyreumaticis
1027 498 1066 538 ei
1111 498 1439 539 adhaerentibus
1489 498 1612 538 facile
1655 498 1871 539 liberatur.

268 564 460 605 Acidum
503 562 610 604 istud
656 562 841 603 odorem
885 562 1137 617 gustumque
1181 563 1280 603 inde
1308 562 1497 609 ,obtinet
1532 562 1638 603 aceti
1684 562 1875 603 destillati

267 628 540 682 persimilem.
592 626 766 668 'Immo
802 640 878 682 per
914 626 1121 668 summam
1159 628 1556 668 concentrationem
1591 625 1743 679 ipsius,
1787 640 1877 667 me·-

269 693 410 734 thodo
447 706 469 734 a
506 704 575 732 me
627 692 801 732 inuenta
854 691 1186 744 instituendam,
1237 691 1279 731 id
1332 691 1501 732 acidum
1547 691 1736 741 eodem,
1790 704 1874 744 quo

269 768 461 810 acetum,
507 756 689 798 successu
727 757 896 810 optimo
935 756 985 797 ad
1021 756 1152 810 ipsam
1188 768 1325 810 vsque
1372 754 1746 796 cristallisationem
1782 767 1876 810 per-

271 822 388 872 duxi.
1159 868 1163 871 ,

913 883 1083 934 Acidum
1118 885 1227 934 nitri.

461 961 497 1015 ᾗ.
533 974 610 1012 41..
686 959 977 1000 Memorabile
1024 957 1118 1001 Cel.
1156 958 1476 1000 Lichtensteinii
1528 960 1874 1013 experimentum

267 1025 402 1081 (rbem.
435 1027 609 1068 &imolen
642 1028 778 1077 1786.
816 1026 873 1069 23.
914 1037 954 1064 2.
999 1024 1061 1069 ὃ.
1101 1025 1229 1079 217.)
1266 1026 1376 1077 circa
1412 1024 1648 1065 carbonum
1686 1025 1886 1066 solubili-.

267 1099 399 1132 tatem
443 1091 537 1144 pari
574 1089 758 1140 successu
795 1089 999 1142 equidem
1036 1089 1224 1130 imitatus
1262 1088 1375 1129 sum:
1415 1092 1516 1129 dum
1554 1089 1755 1129 nimirum
1792 1089 1875 1143 spi-

264 1155 395 1195 ritum
433 1154 531 1195 nitri
568 1153 805 1195 fumantem
842 1155 995 1208 septies
1032 1153 1276 1208 super-duas
1299 1153 1535 1194 carbonum
1572 1152 1762 1208 pulueris
1798 1166 1875 1194 vn-

267 1219 351 1260 cias
398 1218 715 1267 abstraherem3
770 1218 940 1260 acidum
990 1219 1087 1258 nitri
1124 1231 1275 1271 magna
1309 1231 1364 1258 ex
1399 1228 1517 1272 parte
1554 1218 1841 1259 destruebatur
1861 1232 1880 1266 ;.

267 1283 474 1325 carbones
509 1297 616 1335 vero
652 1284 694 1323 in
731 1293 891 1325 retorta
927 1283 1059 1324 reliffi
1095 1284 1281 1325 formam
1326 1283 1559 1324 induebant
1603 1283 1776 1324 extrat‘ii
1814 1283 1890 1323 nim

265 1349 357 1402 gri,
410 1348 527 1401 gustu
564 1348 800 1389 admodum
846 1348 1129 1402 adstringente
1165 1356 1209 1388 et
1243 1361 1386 1389 amaro
1431 1348 1645 1402 praediti,
1697 1349 1749 1389 de
1787 1360 1873 1402 quo

267 1412 466 1467 fingulari
503 1422 711 1465 concreto
748 1412 965 1468 sequentia
1001 1412 1254 1454 obseruaui:

465 1509 501 1562 ᾗ.
540 1523 615 1561 42.
690 1509 762 1563 1.)
799 1510 1033 1552 Substantia
1069 1510 1174 1551 haec
1210 1523 1296 1551 non
1333 1510 1374 1550 in
1412 1523 1520 1565 aqua
1556 1518 1718 1551 tantum
1741 1537 1753 1560 .,
1805 1506 1872 1548 sed

265 1575 307 1614 iu
346 1572 492 1627 spiritu
531 1587 705 1628 quoque
740 1576 830 1615 vini
867 1575 1204 1616 rectificatiffimo
1240 1575 1433 1616 soluitur.
1485 1574 1548 1626 2.)
1577 1573 1748 1616 Solutio
1786 1577 1888 1613 mal-2

265 1639 394 1679 teriae
418 1639 596 1679 huiusce
632 1639 812 1693 aquosa,
849 1653 998 1681 arenae
1035 1640 1191 1680 balneo
1211 1639 1508 1694 euaporationi
1544 1637 1742 1691 subiec'ta‚
1780 1636 1876 1690 spu·

265 1715 355 1743 mas
392 1703 476 1754 agit
503 1712 546 1742 et
574 1703 756 1744 durescit
790 1705 976 1746 tandem.
1017 1704 1080 1757 3.)
1104 1704 1267 1746 Siccata
1303 1704 1386 1745 a‘e'ri
1423 1703 1450 1744 fi
1487 1704 1719 1757 exponitur
1755 1713 1876 1754 aper-

269 1776 342 1818 to,
379 1766 634 1807 humiditate
672 1769 866 1819 attrae'ta7
904 1770 945 1808 in
983 1769 1198 1822 liquorem
1237 1768 1398 1808 fuscum
1437 1767 1537 1807 abit.
1607 1767 1670 1818 4.)
1695 1767 1885 1819 Liques÷

268 1832 408 1872 centia
446 1840 586 1872 tamen
623 1831 726 1872 haec
762 1833 978 1886 progressu
1016 1832 1223 1885 temporis
1261 1833 1403 1871 denuo
1449 1830 1723 1882 diminuitur,
1759 1829 1875 1882 clap-

264 1895 404 1949 fisque
440 1895 606 1949 aliquot
643 1895 881 1947 mensibus⁷
936 1910 1022 1937 non
1066 1895 1241 1936 excluso
1283 1895 1388 1936 a'e'ris
1424 1895 1741 1946 libcroaditu,
1795 1894 1877 1934 hu-

267 1961 509 2001 miditatem
546 1961 758 2001 attraetam
798 1960 943 2001 sensim
980 1960 1215 2014 sensimque
1246 1960 1471 2011 emittenz,
1508 1959 1558 1999 ad
1595 1959 1761 2000 massam
1799 1957 1874 1998 fic-

269 2038 362 2066 cam
399 2024 593 2078 fragilem
633 2026 741 2079 nigri
764 2025 923 2066 coloris
960 2024 1215 2074 indurescit„
1252 2024 1390 2079 ficquc
1418 2022 1736 2077 deliquescendi
1772 2035 1872 2075 pro-

268 2090 492 2143 prietatem
531 2090 663 2144 plane
693 2090 884 2145 deponit.
958 2092 1030 2143 5.)
1076 2089 1291 2133 Solutioni
1329 2086 1444 2143 larga
1488 2100 1618 2142 aquae
1665 2086 1874 2138 quantita-

271 2151 311 2193 te
363 2153 500 2194 elutae
553 2155 586 2207 fi·
636 2154 870 2196 carbonum
925 2155 1066 2209 puluis
1120 2155 1315 2195 additur:
1378 2154 1525 2195 colore
1571 2164 1618 2191 ea
1665 2151 1776 2193 flavo
1830 2160 1884 2199 etv

266 2231 412 2259 amato
458 2219 602 2272 sapore
648 2219 724 2262 suo
767 2219 936 2275 prorsus
982 2220 1154 2261 exuitur
1190 2229 1231 2260 et
1267 2233 1396 2275 aquae
1436 2219 1483 2260 ad
1529 2215 1650 2257 instar
1694 2215 1873 2270 limpida

268 2283 422 2324 euadit.

1728 2343 1870 2400 Rcss'na
