2007 2702
315 189 374 227 60
498 185 503 188 ’
846 182 1383 228 HISTOIRE.

862 300 1027 342 Acetum
1063 301 1149 342 vini
1192 301 1368 349 crudum.

513 367 548 421 ς.
591 375 628 411 8.
689 364 818 407 Alius
856 366 1090 407 carbonum
1126 365 1296 420 puluis,
1331 365 1455 420 super
1489 379 1618 420 quern
1654 375 1822 409 acetum
1856 367 1920 410 vi-

319 433 361 474 ni
399 432 579 474 crudum
613 444 691 486 per
727 431 1075 485 congelationem
1113 440 1461 482 concentratum‚
1497 432 1595 484 igue
1626 422 1704 473 *sub
1743 431 1921 475 destilla-

314 499 444 539 tionis
480 497 636 548 finem,
674 505 879 549 quantum
915 494 1008 535 fieri
1045 496 1213 550 potuit,
1267 495 1638 537 vehementiffimo
1672 497 1722 538 ad
1760 496 1922 540 ficcita-

314 573 400 604 tem
430 574 565 617 Vsque
600 560 905 612 abstraxeram‚
943 573 1075 613 aquae
1104 560 1290 614 ‚frigidae
1326 560 1485 601 mixtus
1522 560 1615 613 post
1650 560 1749 601 semi
1785 561 1917 603 horae

309 628 489 682 spatium
534 634 651 667 tanto
696 625 841 679 agitari
885 624 1082 665 intestino
1118 626 1303 679 partium
1339 635 1461 666 motu
1499 624 1668 678 coepit,
1718 635 1764 665 vt
1804 626 1917 668 bona

293 706 406 747 -pars
444 692 560 742 eius,
615 690 786 743 spumae
821 691 871 732 ad
906 688 1055 743 instar,
1099 689 1198 731 vitri
1233 689 1478 745 semi-pleni
1515 689 1752 744 marginem
1787 698 1921 733 trans-

316 758 447 811 gressa
482 755 702 799 deflueret.

851 847 961 904 Vasa
984 847 1181 890 odoribus
1209 848 1380 891 imbuta.

502 913 538 970 ᾗ.
576 929 620 966 9.
690 913 993 965 Vasa'vitrea‚
1030 915 1222 966 aliaque,
1275 914 1326 954 ab
1363 913 1570 954 odoribus
1611 912 1918 968 qualiscunque

314 982 489 1023 demum
527 990 698 1021 naturae
734 978 837 1030 fint7
893 979 1168 1032 pertinaciter
1202 978 1297 1031 ipfis
1340 977 1692 1031 adhaerentibus,
1745 980 1917 1033 purgari

296 1045 515 1087 ‘facillime
550 1044 745 1097 poffunt,
780 1042 833 1094 fi,
880 1055 1028 1084 arenae
1053 1052 1108 1083 et
1144 1042 1336 1083 cinerum
1375 1042 1699 1084 clauellatorum
1735 1044 1918 1084 admini-

309 1111 435 1162 culo,
471 1123 491 1150 a
527 1107 718 1163 partibus
751 1107 1012 1148 craffioribus
1050 1106 1252 1159 liberata,
1288 1102 1523 1148 carbonum
1559 1107 1736 1162 puluere
1774 1109 1917 1149 denuo

309 1174 520 1217 eluantur.

942 1234 1079 1278 Mellis
1102 1235 1264 1291 spuma.

501 1301 542 1356 ς.
581 1315 652 1342 10.
720 1300 759 1343 E
795 1300 968 1356 spuma,
1005 1303 1047 1342 in
1084 1301 1226 1342 mellis
1264 1301 1543 1355 depuratione
1581 1300 1760 1354 aliisque
1801 1299 1916 1343 illius

307 1366 728 1425 praeparationibus,
783 1366 1139 1420 frequentiffima,
1194 1365 1404 1420 quidquid
1457 1365 1597 1407 mellis
1651 1366 1724 1419 ipsi
1776 1365 1916 1420 inest,

307 1433 572 1488 puriffimum
609 1432 771 1485 absque
810 1431 928 1471 omni
966 1432 1286 1485 propemodum
1334 1431 1488 1472 iactura
1525 1429 1710 1471 obtineri
1746 1430 1915 1484 potest,

307 1497 336 1537 fi
382 1497 552 1552 spumae
596 1495 820 1537 sufficienti
867 1508 1000 1548 aquae
1046 1496 1171 1549 copia
1209 1496 1366 1536 dilutae
1412 1503 1576 1536 tantum
1612 1495 1789 1536 addatur
1826 1507 1916 1534 car-

308 1562 473 1602 bonum
509 1561 728 1615 pulueris,
781 1570 986 1613 quantum
1023 1560 1282 1614 requiritur‚
1339 1568 1384 1600 vt
1419 1559 1575 1600 solutio
1611 1559 1758 1600 filtrari
1794 1558 1918 1612 possit

307 1626 511 1679 limpida,
549 1635 591 1665 et
625 1625 805 1665 filtratus
844 1625 1028 1678 denique
1065 1624 1205 1676 latex,
1243 1625 1293 1665 ad
1331 1625 1471 1665 mellis
1509 1624 1816 1665 consistentiam
1851 1634 1920 1664 vs-

310 1703 421 1744 que,
459 1690 764 1743 euaporatione
802 1690 1100 1730 condensetur.

942 1785 1060 1836 Aqua
1097 1786 1269 1824 marsna.

504 1849 538 1903 ς.
581 1862 651 1887 11.
721 1848 767 1888 In
806 1861 937 1900 aquae
976 1849 1158 1888 marinae
1196 1847 1361 1901 gustum
1411 1858 1600 1887 amarum
1638 1846 1753 1888 nulla
1789 1847 1912 1902 plane

311 1913 546 1955 carbonum
593 1915 656 1953 vis
703 1913 782 1965 est,
833 1913 873 1951 id
926 1913 1041 1965 quod
1088 1925 1155 1952 me
1193 1912 1366 1965 quidem
1406 1911 1572 1961 iudice,
1628 1912 1777 1953 salibus
1815 1925 1915 1953 eum

308 1979 460 2019 mediis
500 1976 758 2018 terrestribus
798 1977 960 2027 deberi,
999 1976 1218 2016 manifesto
1254 1976 1406 2030 probat
1443 1975 1630 2027 indicio,
1661 1990 1758 2016 cum
1794 1986 1913 2019 extra

309 2056 483 2083 omnem
523 2043 798 2083 dubitationis
836 2042 968 2082 aleam
1008 2041 1112 2082 mihi
1151 2041 1322 2094 quidem
1362 2040 1546 2095 positum
1583 2041 1800 2092 videatur,
1836 2054 1914 2094 gu·

310 2107 413 2147 stum
452 2121 584 2161 aquae
615 2107 810 2148 marinae
858 2119 1046 2147 amarum
1093 2115 1135 2146 et
1179 2105 1452 2157 nauscosum7
1506 2105 1532 2145 fi
1580 2118 1600 2145 a
1647 2105 1910 2158 bituminosis

309 2184 441 2224 aquae
488 2172 705 2225 particulis
751 2170 963 2224 originem
1011 2180 1256 2225 repeteret,
1312 2170 1501 2226 pulueris
1548 2168 1780 2209 carbonum
1828 2182 1911 2223 ope

310 2235 439 2277 adimi
476 2237 682 2290 potuisse,
739 2236 811 2292 qui
848 2246 998 2277 contra
1032 2237 1074 2276 in
1110 2235 1337 2291 particulas
1377 2233 1754 2276 salino-terrestres
1793 2234 1913 2275 nullo

309 2299 460 2343 effee‘tu
499 2301 671 2356 gaudet.

1764 2363 1801 2417 ᾗ.
1842 2375 1912 2402 11.
