2007 2702
333 313 534 370 Denique
557 319 660 366 ‚fvt
699 313 805 356 nihil
842 315 1037 357 omittam
1058 320 1071 366 'a
1095 314 1235 368 »saepe
1274 310 1518 359 Schoenus:
1541 312 1583 356 in
1618 316 1737 360 venis

143 379 425 431 metalliferis,
461 388 502 419 et
534 379 895 432 quemadmodum
925 378 1108 420 celeber.
1133 377 1375 422 Gerhardus
1408 378 1606 421 affeuerat
1632 394 1670 420 e.
1693 395 1735 436 g.

143 447 186 487 in
221 445 427 488 Neurode
463 443 687 485 comitatus
725 442 862 485 Glazii
897 443 940 484 in
976 442 1194 484 montibus
1238 442 1413 487 stratofis
1451 444 1656 487 occurrit.

537 567 831 618 Coniefftura
866 568 990 618 circa
1024 568 1124 618 eius
1160 578 1339 618 ortum.

334 667 370 722 §.
395 681 465 708 12.
501 668 683 710 Nullum
714 670 799 709 fere
829 669 1004 709 dubium
1035 669 1107 719 est,
1145 667 1398 719 schoenos,
1438 669 1508 722 qui
1536 670 1735 712 inmon-

142 733 257 775 tibus
291 733 517 787 primitiuis
555 742 805 785 occurrunt,
839 746 916 789 per
949 735 1062 774 viam
1099 733 1319 774 humidam
1356 732 1564 773 formatos
1602 734 1735 776 fuiss'e.

140 799 218 840 Ast
242 798 303 837 isti
322 797 516 839 Schoerli
551 798 598 849 (fi
634 797 696 838 illi
721 798 867 848 vtique
888 797 977 836 veri
1014 797 1108 836 sunt
1127 796 1346 847 Schoerli)
1385 798 1455 848 qui
1490 798 1532 836 in
1555 797 1736 851 Basalte,

141 862 269 904 Lauis
298 861 514 903 nonnullis
544 870 587 902 et
612 862 654 902 in
683 859 926 902 vniuersum
954 861 995 901 in
1026 860 1237 914 produffls
1275 859 1555 901 volcanorum
1592 857 1738 915 paffim

142 925 345 980 inspersae
375 934 608 965 occurrunt
634 925 936 977 exceptionem
973 924 1109 965 facere
1131 925 1342 965 videntur.
1396 924 1509 965 Hinc
1537 917 1737 969 nOnnulli

143 990 321 1032 credunt
355 988 452 1029 illos
480 1001 555 1042 per
582 988 694 1028 viam
722 987 870 1027 ficcam
902 988 1083 1028 formam
1120 988 1232 1029 suam
1269 989 1492 1042 accepisse:
1533 990 1737 1044 equidem

141 1054 227 1107 ipse
265 1052 451 1105 crystalla
487 1051 638 1092 fibrosa
673 1051 837 1105 aliaque
872 1051 913 1090 in
941 1052 1102 1093 Basalte
1139 1062 1180 1092 et
1215 1053 1341 1092 Lauis
1379 1054 1594 1096 nonnullis
1630 1055 1761 1096 vidis

142 1117 227 1160 Sed
262 1118 290 1157 fi
327 1116 652 1157 concedendum
682 1115 753 1166 est,
791 1124 967 1169 vtraque
998 1116 1062 1157 via
1090 1115 1345 1157 Schoerlum
1374 1118 1566 1171 generari
1602 1119 1737 1173 posse,

142 1189 244 1221 tunc
289 1181 467 1221 omnino
511 1181 620 1220 inter
663 1178 881 1220 materiem
918 1193 992 1232 per
1026 1180 1138 1219 viam
1175 1181 1395 1221 humidam
1434 1183 1658 1224 formatam
1694 1193 1737 1224 et

144 1258 263 1297 eam,
302 1258 406 1298 quae
439 1258 520 1298 ope
556 1244 664 1296 ignis
701 1243 840 1283 extitit
875 1243 1040 1283 nullum
1078 1244 1302 1284 discrimen
1339 1245 1552 1286 obseruari
1587 1247 1737 1300 poffet.

143 1309 217 1351 Sin
253 1319 393 1350 autem
429 1308 658 1350 Schoerlus
695 1320 770 1361 per
804 1307 915 1347 viam
951 1307 1101 1346 ficcam
1139 1308 1344 1348 formatus
1381 1308 1430 1349 ab
1458 1323 1536 1361 eo,
1577 1311 1647 1364 qui
1684 1311 1735 1352 ab

143 1387 252 1427 aqua
296 1382 516 1427 generatus
554 1372 609 1412 est
652 1372 774 1424 plane
822 1370 1007 1409 diuersus
1044 1370 1175 1421 esset,
1226 1371 1348 1411 aliam
1385 1373 1564 1413 omnino
1610 1387 1738 1414 mon-

143 1437 285 1478 straret
320 1446 541 1485 naturam,
577 1441 634 1474 ac'
662 1433 893 1474 Schoerlus
939 1434 1111 1487 proprie
1148 1434 1201 1474 fic
1226 1435 1386 1476 dictus.
1470 1437 1570 1477 Alia
1613 1451 1737 1491 argu-

142 1511 288 1541 menta
323 1501 407 1540 huc
444 1497 664 1551 speciantia
699 1497 740 1536 in
779 1498 1059 1538 dissertatione
1097 1499 1148 1538 de
1185 1499 1346 1539 Basalte
1388 1501 1563 1553 protuli.
1651 1502 1737 1544 Sed

142 1564 249 1613 illa,
303 1574 408 1616 quae
453 1561 638 1613 sequitur
681 1561 911 1613 explicatio
957 1563 1006 1602 de
1054 1563 1310 1603 formatione
1356 1564 1646 1616 crystallorum
1691 1568 1736 1607 in

143 1627 296 1677 Lauis,
333 1635 374 1665 et
410 1626 451 1664 in
487 1625 724 1665 vniuersum
762 1626 802 1665 in
846 1628 1060 1679 productis
1098 1628 1377 1668 volcanorum
1415 1630 1599 1670 maxime
1635 1644 1737 1685 pro-

143 1689 293 1730 babilis
331 1689 436 1729 mihi
472 1689 668 1728 videtur:
722 1688 976 1730 Schoerlum
1014 1691 1171 1746 scilicet
1212 1705 1287 1744 per
1337 1692 1527 1734 iteratam
1565 1695 1740 1736 diffolu-

143 1754 306 1794 tionem
344 1752 562 1793 humidam
600 1753 896 1794 nonnullarum
943 1755 1242 1808 particularum
1279 1756 1321 1796 iu
1356 1756 1474 1796 rimis
1510 1766 1550 1797 et
1589 1772 1735 1799 caver-

142 1819 206 1858 nis
242 1817 557 1857 materiae‘iam
604 1816 710 1856 fusae
753 1817 981 1858 formatum
1019 1819 1148 1859 fuisse.
1219 1819 1426 1861 Materiae
1463 1822 1513 1861 ad
1550 1821 1735 1863 Schoer-

142 1882 209 1922 los
248 1881 493 1921 formandos
530 1879 622 1920 satis
666 1880 707 1919 in
750 1882 875 1923 Lauis
917 1883 1090 1923 existere
1127 1885 1342 1923 neminem
1379 1884 1531 1925 infitias
1573 1887 1734 1926 iturum

144 1946 299 1999 spero,
353 1955 394 1985 et
429 1944 593 1984 nullum
636 1957 766 1997 porro
812 1948 898 1986 fere
945 1947 1121 1986 dubium
1159 1947 1215 1986 est
1259 1947 1300 1985 in
1339 1946 1429 1987 casu
1468 1958 1551 1988 tam
1587 1949 1733 1991 turbu-

144 2011 263 2050 lento
287 2038 299 2060 5
339 2009 507 2062 qualem
541 2008 707 2048 volcani
743 2011 961 2063 produnt,
1015 2010 1085 2050 vbi
1123 2010 1266 2050 omnia
1302 2010 1511 2052 elementa
1548 2013 1657 2054 inter
1694 2015 1732 2056 se

146 2083 304 2115 certare
327 2073 546 2122 videntur,
586 2073 808 2114 humorem
840 2076 965 2114 etiam
1002 2075 1042 2113 in
1082 2075 1300 2114 materiem
1340 2074 1469 2115 fusam
1510 2087 1729 2128 penetrare

145 2138 258 2192 poffe
281 2168 293 2186 ,
331 2136 401 2189 qui
438 2136 576 2189 postea
612 2150 684 2189 per
721 2139 887 2179 massam
924 2138 1165 2178 tenuillimis
1202 2139 1418 2191 particulis
1457 2140 1731 2195 distributus,

149 2201 362 2241 difficilem
398 2200 469 2240 fibi
506 2200 665 2240 exitum
708 2202 894 2252 inuenit„
930 2212 971 2242 et
1009 2216 1133 2256 quem
1174 2203 1344 2255 quidem
1382 2204 1421 2243 in
1458 2205 1582 2245 Lauis
1621 2208 1732 2249 exis-

148 2275 235 2305 tere
279 2278 333 2306 ex
375 2265 649 2305 recentiffima
695 2265 988 2307 obseruatione
1036 2266 1129 2308 Cel.
1176 2266 1416 2308 Dolomieu
1471 2272 1727 2323 cognoscere

156 2338 177 2361 ν
211 2327 330 2370 Noua
349 2328 451 2369 Αέῖα
469 2328 598 2369 Aemi.
622 2327 721 2383 Imp.
740 2329 809 2371 Sc.
829 2329 875 2370 T.
898 2329 970 2370 VI.
1229 2330 1268 2370 K
1303 2331 1330 2373 k
1613 2334 1727 2375 licet.
