2007 2702
670 204 822 219 --—-
854 191 1009 247 (ων)
1043 207 1193 222 --

137 301 199 344 sui
233 309 375 356 parte,
410 300 620 357 imprimis
656 302 866 345 radicibus
902 303 981 344 suis
1010 305 1058 360 a)
1094 305 1146 347 ad
1180 305 1350 347 stratum
1386 315 1610 350 externum
1648 308 1731 350 sas-

139 366 268 408 ciculi
302 367 398 420 isti,
433 365 487 419 b)
523 367 696 408 caeteris
732 367 1056 422 expansionibus
1093 369 1172 410 suis
1208 369 1253 422 c)
1290 371 1341 412 ad
1377 370 1545 412 stratum
1581 373 1729 413 secun-

140 431 243 471 dum
279 432 549 485 pertineant,
601 430 691 471 imo
727 432 779 472 ad
815 431 987 472 tertium
1026 445 1232 488 quoque,
1288 436 1650 487 quemadmodum
1684 436 1728 477 in

138 493 414 548 sequentibus
458 493 772 549 explicabitur,
824 495 1042 538 nonnullis
1087 497 1393 554 propaginibus
1445 499 1526 542 suis
1570 500 1609 542 se
1654 513 1730 545 cx-

135 558 328 601 tendant.

399 653 628 708 Prograefffits
661 655 702 697 in
734 655 954 707 vniam-sitm
987 663 1024 697 et
1057 655 1219 697 direfft'io
1242 655 1458 708 fibrarum.

326 742 498 796 Vario,
533 744 623 785 imo
658 753 702 785 et
735 746 919 786 maxime
956 744 1155 797 diuerso,
1191 745 1314 787 dueta
1351 759 1405 787 ex
1441 745 1606 787 sedibus
1642 746 1727 788 illis

139 806 337 849 subortae
381 807 511 849 fibrae
545 809 686 848 versus
731 809 967 860 marginem
1001 808 1228 848 ventriculi
1271 810 1313 849 in
1350 810 1552 863 superiori
1588 810 1731 864 super-

132 871 247 922 ficie,
281 869 421 911 versus
457 871 594 912 striam
628 872 672 912 in
705 871 926 923 inferiori,
961 870 1306 925 progrediuntur.
1359 873 1516 926 Neque
1552 876 1727 915 eaedem

133 935 264 976 fibrae
297 934 340 974 in
369 934 590 988 superficie
625 943 801 987 Vtraque
837 935 1015 975 eandem
1050 936 1300 976 continuant
1335 936 1626 978 direc'tionem.
1671 937 1731 978 Et

134 998 178 1039 in
213 1006 390 1050 vtraque
433 996 685 1051 superficie,
736 1009 843 1051 quae
880 997 1056 1050 oblique
1102 998 1388 1052 descendant,
1444 1014 1549 1054 quae
1595 1010 1729 1042 trans-

132 1061 284 1103 verfim
327 1061 688 1114 progrediantur,
742 1073 848 1113 quae
893 1061 1111 1102 manifesto
1147 1062 1398 1103 adscendant
1432 1064 1644 1118 oblique,
1677 1063 1728 1104 fi-

135 1124 234 1165 brae
270 1132 514 1164 occurrunt.
581 1123 820 1164 Maximam
857 1132 997 1165 tamen
1031 1134 1195 1179 partem
1217 1154 1232 1178 ,
1283 1125 1312 1166 fi
1347 1126 1454 1167 solas
1477 1156 1490 1178 ,
1530 1141 1634 1181 quae
1668 1140 1726 1169 ex

130 1187 288 1228 radiata
326 1187 502 1241 regione
538 1187 765 1238 oriuntur,
801 1187 1025 1242 excipias,
1076 1189 1129 1230 ad
1173 1189 1351 1244 oblique
1396 1190 1725 1233 descendentem

131 1251 278 1304 potius
299 1279 313 1302 ,
349 1263 476 1305 quam
509 1251 561 1292 ad
596 1250 876 1292 transuersum
897 1280 911 1304 ,
964 1251 1137 1292 dustum
1172 1253 1322 1295 referri
1357 1256 1473 1309 poss‘e
1507 1256 1722 1296 videntur.

129 1311 182 1354 Id
216 1327 319 1355 vero
355 1313 623 1355 certiffimum
657 1315 745 1367 est,
779 1314 940 1369 vbique
977 1315 1102 1357 ductu
1138 1316 1211 1357 has
1248 1317 1373 1359 fibras
1410 1318 1542 1370 ferri,
1579 1318 1725 1360 analo·

131 1388 190 1430 go
234 1377 375 1418 duc‘tui
418 1376 620 1419 fibrarum
663 1388 970 1429 externarum,
1022 1380 1387 1432 quemadmodum
1433 1382 1612 1436 analoga
1655 1382 1723 1423 his

131 1439 247 1480 fibris
281 1440 446 1482 ratione
482 1440 694 1493 dispositas
730 1441 809 1481 effe
844 1441 1046 1482 vidimus.
1128 1442 1414 1484 Transuersae
1452 1445 1537 1485 sere
1574 1454 1616 1485 et
1649 1459 1724 1500 pa·

128 1503 300 1545 rallelae
342 1504 419 1543 filo
462 1503 737 1556 cartilagineo
780 1505 981 1545 anteriori
1024 1504 1182 1546 finistro
1218 1507 1261 1546 in
1298 1507 1501 1561 superiori
1550 1509 1723 1562 superfi-

131 1566 196 1607 cie
238 1565 443 1618 posterius
487 1566 538 1607 ad
583 1566 729 1619 basin,
781 1581 906 1622 quam
950 1568 1090 1608 sedem
1136 1568 1258 1611 funes
1301 1571 1344 1610 in
1381 1571 1505 1614 strato
1541 1582 1723 1614 externo

129 1639 480 1683 occupauerant,
511 1639 712 1683 apparent
744 1631 823 1684 cl).
890 1632 983 1673 Hae
1020 1642 1177 1685 tamen,
1211 1634 1272 1673 vti
1309 1637 1539 1678 nonnullae
1575 1648 1721 1677 earum

128 1692 180 1733 ab
216 1693 308 1746 ipso
344 1694 429 1734 hoc
469 1692 545 1734 filo
581 1694 805 1748 oriuntur,
857 1709 936 1749 pro
981 1695 1096 1736 fibris
1143 1696 1322 1751 oblique
1367 1699 1719 1741 descendentibus

131 1755 352 1798 habendae
397 1758 475 1797 effe
512 1757 743 1810 videntur,
800 1759 990 1812 quamuis
1029 1760 1101 1801 vix
1138 1760 1334 1802 differant
1368 1775 1389 1802 a
1427 1764 1549 1804 dudlu
1588 1773 1722 1804 trans-

131 1821 269 1861 verso.
336 1819 526 1861 Eaedem
561 1820 688 1862 fibrae
711 1850 725 1873 ,
759 1821 829 1862 vbi
852 1851 866 1874 ,
909 1822 1018 1863 circa
1053 1824 1288 1876 marginem
1325 1826 1459 1867 flexae
1482 1856 1495 1878 ,
1547 1827 1722 1867 inferio-

131 1896 225 1924 rem
260 1883 556 1936 ingrediuntur
590 1883 857 1938 superficiem
893 1886 951 1939 e),
986 1887 1207 1929 manifesto
1244 1888 1420 1942 oblique
1448 1891 1720 1931 descendunt.

134 1944 330 2002 Oblique
367 1947 524 2003 pariter
559 1948 840 2003 descendunt,
876 1963 982 2003 quae
1019 1952 1204 1992 mediam
1238 1962 1402 2006 partem
1436 1953 1479 1994 in
1514 1953 1719 2007 superiori

905 2014 938 2056 F
959 2012 985 2053 f
1016 2025 1040 2052 2
1574 2016 1718 2070 super-

205 2147 245 2194 a)
273 2149 358 2185 Tab.
385 2152 462 2190 VH,
489 2163 543 2194 47.
570 2163 623 2197 50.

204 2199 240 2239 b)
267 2198 352 2234 Tab.
379 2201 441 2236 IV.
468 2213 525 2246 99.
555 2212 630 2244 103.

204 2246 244 2291 c)
272 2248 357 2284 Tab.
384 2251 461 2286 VII.
490 2262 538 2294 45.
565 2257 620 2292 48.
647 2253 674 2287 Ι.

203 2296 242 2341 d)
269 2297 353 2334 Tab.
378 2300 453 2334 V11.
480 2303 525 2335 H.
552 2302 591 2335 G.
619 2302 657 2339 E.
684 2313 733 2346 32.

204 2344 243 2393 e)
272 2346 357 2384 Tab.
385 2349 440 2385 IX.
464 2362 497 2399 p.
522 2362 554 2387 x.
582 2361 616 2394 4.
